<collection xmlns="http://www.loc.gov/MARC21/slim">
  <record>
    <leader>01039cam a2200277 a 4500</leader>
    <controlfield tag="001">42615593</controlfield>
    <controlfield tag="003">AuCNLKIN</controlfield>
    <controlfield tag="005">20080510193127.0</controlfield>
    <controlfield tag="008">080206s2007    nyua          001 0 eng d</controlfield>
    <datafield tag="019" ind1="1" ind2=" ">
      <subfield code="a">42615593</subfield>
    </datafield>
    <datafield tag="020" ind1=" " ind2=" ">
      <subfield code="a">9781933045726</subfield>
    </datafield>
    <datafield tag="020" ind1=" " ind2=" ">
      <subfield code="a">1933045728</subfield>
    </datafield>
    <datafield tag="039" ind1=" " ind2=" ">
      <subfield code="a">(OCoLC)166387348</subfield>
    </datafield>
    <datafield tag="040" ind1=" " ind2=" ">
      <subfield code="a">CStRLIN</subfield>
      <subfield code="b">eng</subfield>
      <subfield code="c">NSL</subfield>
    </datafield>
    <datafield tag="082" ind1="0" ind2="4">
      <subfield code="a">709.04</subfield>
      <subfield code="2">22</subfield>
    </datafield>
    <datafield tag="245" ind1="0" ind2="0">
      <subfield code="a">Artworks :</subfield>
      <subfield code="b">the Progressive collection /</subfield>
      <subfield code="c">essays by Dan Cameron ... [et al.] ; [foreword by Toni Morrison]</subfield>
    </datafield>
    <datafield tag="260" ind1=" " ind2=" ">
      <subfield code="a">New York :</subfield>
      <subfield code="b">Distributed Art Publishers,</subfield>
      <subfield code="c">c2007.</subfield>
    </datafield>
    <datafield tag="300" ind1=" " ind2=" ">
      <subfield code="a">292 p. :</subfield>
      <subfield code="b">chiefly col. ill. ;</subfield>
      <subfield code="c">32 cm.</subfield>
    </datafield>
    <datafield tag="336" ind1=" " ind2=" ">
      <subfield code="a">text</subfield>
      <subfield code="b">txt</subfield>
      <subfield code="1">http://rdaregistry.info/termList/RDAContentType/1020</subfield>
      <subfield code="2">rdacontent</subfield>
    </datafield>
    <datafield tag="337" ind1=" " ind2=" ">
      <subfield code="a">unmediated</subfield>
      <subfield code="b">n</subfield>
      <subfield code="1">http://rdaregistry.info/termList/RDAMediaType/1007</subfield>
      <subfield code="2">rdamedia</subfield>
    </datafield>
    <datafield tag="338" ind1="1" ind2="0">
      <subfield code="a">volume</subfield>
      <subfield code="b">nc</subfield>
      <subfield code="1">http://rdaregistry.info/termList/RDACarrierType/1049</subfield>
      <subfield code="2">rdacarrier</subfield>
    </datafield>
    <datafield tag="505" ind1="1" ind2=" ">
      <subfield code="a">The habit of art / by Toni Morrison -- The world's best job / by Toby Devan Lewis -- Good art starts fights in bars / by Peter B. Lewis -- Work + art = life / by Dan Cameron.</subfield>
    </datafield>
    <datafield tag="500" ind1=" " ind2=" ">
      <subfield code="a">Text editor, Katherine Solender.</subfield>
    </datafield>
    <datafield tag="500" ind1=" " ind2=" ">
      <subfield code="a">Includes index.</subfield>
    </datafield>
    <datafield tag="610" ind1="2" ind2="0">
      <subfield code="a">Progressive Corporation</subfield>
      <subfield code="x">Art collections.</subfield>
    </datafield>
    <datafield tag="650" ind1=" " ind2="0">
      <subfield code="a">Art, Modern</subfield>
      <subfield code="y">20th century.</subfield>
    </datafield>
    <datafield tag="700" ind1="1" ind2=" ">
      <subfield code="a">Solender, Katherine</subfield>
      <subfield code="1">http://viaf.org/viaf/32013321</subfield>
      <subfield code="4">edc</subfield>
    </datafield>
    <datafield tag="700" ind1="1" ind2=" ">
      <subfield code="a">Morrison, Toni</subfield>
      <subfield code="1">http://viaf.org/viaf/109406177</subfield>
      <subfield code="4">aui</subfield>
    </datafield>
    <datafield tag="700" ind1="1" ind2=" ">
      <subfield code="a">Cameron, Dan</subfield>
      <subfield code="4">aut</subfield>
    </datafield>
    <datafield tag="700" ind1="1" ind2=" ">
      <subfield code="a">Lewis, Toby D.</subfield>
      <subfield code="1">http://viaf.org/viaf/341148704288636932541</subfield>
      <subfield code="4">aut</subfield>
    </datafield>
    <datafield tag="700" ind1="1" ind2=" ">
      <subfield code="a">Lewis, Peter B.</subfield>
      <subfield code="4">aut</subfield>
    </datafield>
  </record>