
  <record>
    <leader>00558nam a2200205Ia 4500</leader>
    <controlfield tag="001">24358392</controlfield>
    <controlfield tag="003">OCoLC</controlfield>
    <controlfield tag="005">20020602215721.0</controlfield>
    <controlfield tag="008">910911t19881987enk           000 1 eng d</controlfield>
    <datafield tag="019" ind1="1" ind2=" ">
      <subfield code="a">9059278</subfield>
    </datafield>
    <datafield tag="020" ind1=" " ind2=" ">
      <subfield code="a">0330305379</subfield>
    </datafield>
    <datafield tag="020" ind1=" " ind2=" ">
      <subfield code="a">0330304712</subfield>
    </datafield>
    <datafield tag="039" ind1=" " ind2=" ">
      <subfield code="a">(OCoLC)24358392</subfield>
    </datafield>
    <datafield tag="040" ind1=" " ind2=" ">
      <subfield code="a">DGW</subfield>
      <subfield code="c">DGW</subfield>
      <subfield code="d">ANV</subfield>
    </datafield>
    <datafield tag="090" ind1=" " ind2=" ">
      <subfield code="a">PS3563.O8749</subfield>
      <subfield code="b">B4 1988</subfield>
    </datafield>
    <datafield tag="100" ind1="1" ind2=" ">
      <subfield code="a">Morrison, Toni.</subfield>
      <subfield code="1">http://viaf.org/viaf/109406177</subfield>
      <subfield code="4">aut</subfield>
    </datafield>
    <datafield tag="240" ind1="0" ind2="0">
      <subfield code="a">Beloved</subfield>
      <subfield code="1">http://viaf.org/viaf/179309327</subfield>
    </datafield>
    <datafield tag="245" ind1="1" ind2="0">
      <subfield code="a">Beloved :</subfield>
      <subfield code="b">a novel /</subfield>
      <subfield code="c">by Toni Morrison.</subfield>
    </datafield>
    <datafield tag="260" ind1=" " ind2=" ">
      <subfield code="a">London :</subfield>
      <subfield code="b">Pan Books in association with Chatto &amp; Windus,</subfield>
      <subfield code="c">1988, c1987.</subfield>
    </datafield>
    <datafield tag="300" ind1=" " ind2=" ">
      <subfield code="a">275 p. ;</subfield>
      <subfield code="c">18 cm.</subfield>
    </datafield>
    <datafield tag="336" ind1=" " ind2=" ">
      <subfield code="a">text</subfield>
      <subfield code="b">txt</subfield>
      <subfield code="1">http://rdaregistry.info/termList/RDAContentType/1020</subfield>
      <subfield code="2">rdacontent</subfield>
    </datafield>
    <datafield tag="337" ind1=" " ind2=" ">
      <subfield code="a">unmediated</subfield>
      <subfield code="b">n</subfield>
      <subfield code="1">http://rdaregistry.info/termList/RDAMediaType/1007</subfield>
      <subfield code="2">rdamedia</subfield>
    </datafield>
    <datafield tag="338" ind1="1" ind2="0">
      <subfield code="a">volume</subfield>
      <subfield code="b">nc</subfield>
      <subfield code="1">http://rdaregistry.info/termList/RDACarrierType/1049</subfield>
      <subfield code="2">rdacarrier</subfield>
    </datafield>
    <datafield tag="490" ind1="0" ind2=" ">
      <subfield code="a">Picador.</subfield>
    </datafield>
  </record>