
  <record>
    <leader>05803cam a2200325 i 4500</leader>
    <controlfield tag="008">150312s2015    nyuc     b    000 0 eng  </controlfield>
    <datafield tag="010" ind1=" " ind2=" ">
      <subfield code="a">2015004060</subfield>
    </datafield>
    <datafield tag="019" ind1="1" ind2=" ">
      <subfield code="a">54512099</subfield>
    </datafield>
    <datafield tag="020" ind1=" " ind2=" ">
      <subfield code="a">9780871404565 (slipcase)</subfield>
    </datafield>
    <datafield tag="020" ind1=" " ind2=" ">
      <subfield code="a">0871404567</subfield>
    </datafield>
    <datafield tag="039" ind1=" " ind2=" ">
      <subfield code="a">(OCoLC)902661304</subfield>
    </datafield>
    <datafield tag="040" ind1=" " ind2=" ">
      <subfield code="a">DLC</subfield>
      <subfield code="b">eng</subfield>
      <subfield code="e">rda</subfield>
      <subfield code="c">DLC</subfield>
      <subfield code="d">BTCTA</subfield>
      <subfield code="d">BDX</subfield>
      <subfield code="d">OCLCF</subfield>
      <subfield code="d">YDXCP</subfield>
      <subfield code="d">BKL</subfield>
      <subfield code="d">IQU</subfield>
      <subfield code="d">ZCU</subfield>
      <subfield code="d">NLGGC</subfield>
      <subfield code="d">COO</subfield>
      <subfield code="d">COD</subfield>
      <subfield code="d">NKM</subfield>
      <subfield code="d">CUY</subfield>
      <subfield code="d">VCAV</subfield>
      <subfield code="d">ANU</subfield>
    </datafield>
    <datafield tag="041" ind1="1" ind2=" ">
      <subfield code="a">eng</subfield>
      <subfield code="h">ita</subfield>
    </datafield>
    <datafield tag="042" ind1=" " ind2=" ">
      <subfield code="a">pcc</subfield>
    </datafield>
    <datafield tag="082" ind1="0" ind2="0">
      <subfield code="a">853/.914</subfield>
      <subfield code="2">23</subfield>
    </datafield>
    <datafield tag="100" ind1="1" ind2=" ">
      <subfield code="a">Levi, Primo,</subfield>
      <subfield code="e">author.</subfield>
      <subfield code="1">http://viaf.org/viaf/76319000</subfield>
      <subfield code="4">aut</subfield>
    </datafield>
    <datafield tag="240" ind1="1" ind2="0">
      <subfield code="a">Works.</subfield>
      <subfield code="l">English.</subfield>
    </datafield>
    <datafield tag="245" ind1="1" ind2="4">
      <subfield code="a">The complete works of Primo Levi /</subfield>
      <subfield code="c">edited by Ann Goldstein ; introduction by Toni Morrison.</subfield>
    </datafield>
    <datafield tag="264" ind1=" " ind2="1">
      <subfield code="a">New York :</subfield>
      <subfield code="b">Liveright Publishing Corporation,</subfield>
      <subfield code="c">[2015]</subfield>
    </datafield>
    <datafield tag="300" ind1=" " ind2=" ">
      <subfield code="a">3 volumes (lviii, 2910 pages) :</subfield>
      <subfield code="b">portrait :</subfield>
      <subfield code="c">24 cm.</subfield>
    </datafield>
    <datafield tag="336" ind1=" " ind2=" ">
      <subfield code="a">text</subfield>
      <subfield code="b">txt</subfield>
      <subfield code="1">http://rdaregistry.info/termList/RDAContentType/1020</subfield>
      <subfield code="2">rdacontent</subfield>
    </datafield>
    <datafield tag="337" ind1=" " ind2=" ">
      <subfield code="a">unmediated</subfield>
      <subfield code="b">n</subfield>
      <subfield code="1">http://rdaregistry.info/termList/RDAMediaType/1007</subfield>
      <subfield code="2">rdamedia</subfield>
    </datafield>
    <datafield tag="338" ind1="1" ind2="0">
      <subfield code="a">volume</subfield>
      <subfield code="b">nc</subfield>
      <subfield code="1">http://rdaregistry.info/termList/RDACarrierType/1049</subfield>
      <subfield code="2">rdacarrier</subfield>
    </datafield>
    <datafield tag="505" ind1="0" ind2=" ">
      <subfield code="a">Volume I. Introduction / Toni Morrison; Editor's introduction / Ann Goldstein; Editor's acknowledgments; Chronology / Ernesti Ferrero; If this is a man / translated by Stuart Woolf ; Appendix ; Translator's afterword; The truce / translated by Ann Goldstein; Natural histories / translated by Jenny McPhee; Flaw of form / translated by Jenny McPhee -- Volume II. The periodic table / translated by Ann Goldstein; The wrench / translated by Nathaniel Rich; translator's afterword; Uncollected stories and essays : 1946-1980 / translated by Alessandra Bastagli and Francesco Bastagli; Lilith and other stories / translated by Ann Goldstein; If not now, when? / translated by Antony Shugaar; author's note; translator's afterword -- Volume III. Complete poems / translated by Jonathan Galassi; Other people's trades / translated by Antony Shugaar; translator's afterword; Stories and essays / translated by Anne Milano Appel; translator's afterword; The drowned and the saved / translated by Michael F. Moore; works cited; translator's afterword; Uncollected stories and essays: 1981-1987 / translated by Alessandra Bastagli and Francesco Bastagli; "Primo Levi in America" / Robert Weil; The publication of Primo Levi's works in the world / Monica Quirico; Notes on the texts / Domenico Scarpa; Select bibliography / Domenico Scarpa.</subfield>
    </datafield>
    <datafield tag="520" ind1="1" ind2=" ">
      <subfield code="a">"This boxed set represents the culmination of a multi-year effort to bring to American readers the complete works of Italian scientist, man-of-letters, and Shoah survivor Primo Levi. Under the able editorship of Ann Goldstein, the volumes present in new translations all of Levis worksthe early narratives of Levis experiences as an inmate of Auschwitz (If This Is a Man) and his Odysseus-like return trip to Italy via Russia (The Truce); his ground-breaking memoir (The Periodic Table); his late novels (The Wrench; If Not Now, When?) and his valedictory and somber reconsideration of the meaning of the Nazi extermination machine (The Drowned and the Saved), in addition to all of his occasional newspaper columns, short stories and previously uncollected essays, as well as his poetry. Levi accomplished this prodigious output in the 42 years between his liberation from Auschwitz and his premature death in 1987 (presumably by suicide); all the while he held down a series of increasingly responsible day jobs as a working scientist and industrial manager. ...</subfield>
      <subfield code="b">Ann Goldstein, the general editor of these volumes, asserts that it is somewhat unfortunate that Levi is identified primarily as a Holocaust writer (Levi himself did not like the term Holocaust), and she tries to make a case for the extensiveness of his output and the variety of his subjects. To this reader, the non-Holocaust related piecesthe large numbers of quasi-science fiction pieces and occasional essays collected hereseem of less consequence than the major narratives. The science fiction stories are amusing exercises in a kind of writing reminiscent of Ray Bradbury, Jorge Luis Borges, or Levis Italian contemporary Italo Calvino. The poetry is heart-felt and penetrating, often, as Jonathan Galassi suggests, breaking through to deeper emotions that Levi kept bottled up in his prose. The occasional essays, many of them comments on the Shoah, were often recycled by Levi into his later Drowned and Saved, so there is some degree of repetition if one reads the entire contents of this massive collection.  The distinctive feature of this collection is the new translations of all the works with the exception of If This Is a Man, which appears in a revised version by its original translator, Stuart Woolf. In addition to Goldstein and Woolf, translators include Nathaniel Rich (The Wrench); Jenny McPhee; Jonathan Galassi (Levis poetry); Anne M. Appel; Antony Shugaar; Michael Moore; and Alessandra and Francesco Bastagli. All read smoothly and capture Levis restrained tone and style. The lack of an extended discussion beyond Goldsteins introduction of the issues involved in the translations seems an unfortunate omission. In addition to the essays on Levis reputation in Europe and the U.S., the volumes also contain commentary and notes on the individual works that detail their publication histories and put them into the context of Levis life.  As Toni Morrison eloquently puts it in her brief introduction, in reading Levi, Time and time again we are moved by his narratives of how men refuse erasure. This is Levis legacy and these volumes solidify it."--Martin Green.</subfield>
      <subfield code="u">http://www.jewishbookcouncil.org/book/the-complete-works-of-primo-levi (accessed, May 23, 2016)</subfield>
    </datafield>
    <datafield tag="545" ind1="1" ind2=" ">
      <subfield code="a">"Published by arrangement with Giulio Einaudi Editore" [Torino]--Title page verso.</subfield>
    </datafield>
    <datafield tag="504" ind1=" " ind2=" ">
      <subfield code="a">Includes bibliographical references.</subfield>
    </datafield>
    <datafield tag="600" ind1="1" ind2="0">
      <subfield code="a">Levi, Primo</subfield>
      <subfield code="v">Translations into English.</subfield>
    </datafield>
    <datafield tag="700" ind1="1" ind2=" ">
      <subfield code="a">Goldstein, Ann</subfield>
      <subfield code="d">1949-</subfield>
      <subfield code="1">http://viaf.org/viaf/22456329</subfield>
      <subfield code="4">edt</subfield>
    </datafield>
    <datafield tag="700" ind1="1" ind2=" ">
      <subfield code="a">Morrison, Toni.</subfield>
      <subfield code="1">http://viaf.org/viaf/109406177</subfield>
      <subfield code="4">aui</subfield>
    </datafield>
  </record>