
  <record>
    <leader>01331cgm a2200349 c 4500</leader>
    <controlfield tag="001">990121800334702201</controlfield>
    <controlfield tag="005">20170929180735.0</controlfield>
    <controlfield tag="007">vd |v||||</controlfield>
    <controlfield tag="008">130830nuuuu    xx#|||||||||||####v|mul|d</controlfield>
    <datafield tag="035" ind1=" " ind2=" ">
      <subfield code="a">012180033-47bibsys_network</subfield>
    </datafield>
    <datafield tag="035" ind1=" " ind2=" ">
      <subfield code="a">(NO-TrBIB)012180033</subfield>
    </datafield>
    <datafield tag="040" ind1=" " ind2=" ">
      <subfield code="a">NO-TrBIB</subfield>
      <subfield code="b">nob</subfield>
      <subfield code="e">katreg</subfield>
    </datafield>
    <datafield tag="041" ind1=" " ind2=" ">
      <subfield code="a">eng</subfield>
      <subfield code="a">nob</subfield>
    </datafield>
    <datafield tag="130" ind1=" " ind2="0">
      <subfield code="a">Beloved (motion picture)</subfield>
    </datafield>
    <datafield tag="240" ind1="0" ind2="0">
      <subfield code="a">Beloved</subfield>
      <subfield code="1">https://www.imdb.com/title/tt0120603/</subfield>
    </datafield>
    <datafield tag="245" ind1="0" ind2="0">
      <subfield code="a">Beloved</subfield>
      <subfield code="c">directed by Jonathan Demme ; produced by Edward Saxon ... [et al.]</subfield>
      <subfield code="h">[videoopptak]</subfield>
    </datafield>
    <datafield tag="260" ind1=" " ind2=" ">
      <subfield code="a">[Oslo]</subfield>
      <subfield code="b">Sandrew Metronome Video Norge</subfield>
      <subfield code="c">[s.a.]</subfield>
    </datafield>
    <datafield tag="300" ind1=" " ind2=" ">
      <subfield code="a">1 videoplate (DVD-video) (164 min)</subfield>
      <subfield code="b">lyd, kol.</subfield>
    </datafield>
    <datafield tag="336" ind1=" " ind2=" ">
      <subfield code="a">two-dimensional moving image</subfield>
      <subfield code="b">tdi</subfield>
      <subfield code="1">http://rdaregistry.info/termList/RDAContentType/1023</subfield>
      <subfield code="2">rdacontent</subfield>
    </datafield>
    <datafield tag="337" ind1=" " ind2=" ">
      <subfield code="a">video</subfield>
      <subfield code="b">v</subfield>
      <subfield code="1">http://rdaregistry.info/termList/RDAMediaType/1008</subfield>
      <subfield code="2">rdamedia</subfield>
    </datafield>
    <datafield tag="338" ind1="1" ind2="0">
      <subfield code="a">videodisc</subfield>
      <subfield code="b">vd</subfield>
      <subfield code="1">http://rdaregistry.info/termList/RDACarrierType/1060</subfield>
      <subfield code="2">rdacarrier</subfield>
    </datafield>
    <datafield tag="380" ind1=" " ind2=" ">
      <subfield code="a">motion picture</subfield>
    </datafield>
    <datafield tag="500" ind1=" " ind2=" ">
      <subfield code="a">Rolleliste: Oprah Winfrey, Danny Glover, Thandie  Newton.</subfield>
    </datafield>
    <datafield tag="500" ind1=" " ind2=" ">
      <subfield code="a">Filmen bygger p en roman av Toni Morrison.</subfield>
    </datafield>
    <datafield tag="500" ind1=" " ind2=" ">
      <subfield code="a">Produksjon: USA : Touchstone Pictures, 1998.</subfield>
    </datafield>
    <datafield tag="500" ind1=" " ind2=" ">
      <subfield code="a">Drama.</subfield>
    </datafield>
    <datafield tag="500" ind1=" " ind2=" ">
      <subfield code="a">Engelsk tale, norsk tekst.</subfield>
    </datafield>
    <datafield tag="500" ind1=" " ind2=" ">
      <subfield code="a">Ekstramateriale: interactive menus, scene access.</subfield>
    </datafield>
    <datafield tag="500" ind1=" " ind2=" ">
      <subfield code="a">Kodet for region 2</subfield>
    </datafield>
    <datafield tag="653" ind1=" " ind2=" ">
      <subfield code="a">spillefilm</subfield>
    </datafield>
    <datafield tag="655" ind1=" " ind2="7">
      <subfield code="a">DVD</subfield>
      <subfield code="2">humord</subfield>
      <subfield code="1">(NO-TrBIB)HUME19448</subfield>
    </datafield>
    <datafield tag="700" ind1="1" ind2=" ">
      <subfield code="a">Demme, Jonathan,</subfield>
      <subfield code="d">1944-</subfield>
      <subfield code="1">http://viaf.org/viaf/84977149</subfield>
      <subfield code="4">drt</subfield>
    </datafield>
    <datafield tag="700" ind1="1" ind2="2">
      <subfield code="a">Morrison, Toni,</subfield>
      <subfield code="i">http://metadataregistry.org/schemaprop/show/id/24036.html</subfield>
      <subfield code="t">Beloved</subfield>
      <subfield code="1">http://viaf.org/viaf/179309327</subfield>
    </datafield>
    <datafield tag="700" ind1="1" ind2=" ">
      <subfield code="a">Winfrey, Oprah,</subfield>
      <subfield code="d">1954-</subfield>
      <subfield code="1">http://viaf.org/viaf/27226716</subfield>
      <subfield code="4">act</subfield>
    </datafield>
    <datafield tag="700" ind1="1" ind2=" ">
      <subfield code="a">Glover, Danny,</subfield>
      <subfield code="d">1947-</subfield>
      <subfield code="1">http://viaf.org/viaf/24793419</subfield>
      <subfield code="4">act</subfield>
    </datafield>
    <datafield tag="901" ind1=" " ind2=" ">
      <subfield code="a">80</subfield>
    </datafield>
    <datafield tag="852" ind1="0" ind2="1">
      <subfield code="a">47BIBSYS_HH</subfield>
      <subfield code="6">999919813029802214</subfield>
      <subfield code="9">P</subfield>
    </datafield>
    <datafield tag="852" ind1="0" ind2="1">
      <subfield code="a">47BIBSYS_HIB</subfield>
      <subfield code="6">999919813544702221</subfield>
      <subfield code="9">P</subfield>
    </datafield>
  </record>