
  <record>
    <leader>01038cam a2200265 c 4500</leader>
    <controlfield tag="001">990312174194702201</controlfield>
    <controlfield tag="005">20151117084253.0</controlfield>
    <controlfield tag="007">ta</controlfield>
    <controlfield tag="008">150430s2001    xx |||||||||||000|u|eng|d</controlfield>
    <datafield tag="020" ind1=" " ind2=" ">
      <subfield code="a">0099750910</subfield>
      <subfield code="q">h.</subfield>
    </datafield>
    <datafield tag="035" ind1=" " ind2=" ">
      <subfield code="a">031217419-47bibsys_network</subfield>
    </datafield>
    <datafield tag="035" ind1=" " ind2=" ">
      <subfield code="a">(NO-TrBIB)031217419</subfield>
    </datafield>
    <datafield tag="040" ind1=" " ind2=" ">
      <subfield code="a">NO-TrBIB</subfield>
      <subfield code="b">nob</subfield>
      <subfield code="e">katreg</subfield>
    </datafield>
    <datafield tag="100" ind1="1" ind2=" ">
      <subfield code="a">Morrison, Toni</subfield>
      <subfield code="d">1931-</subfield>
      <subfield code="1">http://viaf.org/viaf/109406177</subfield>
      <subfield code="4">aut</subfield>
    </datafield>
    <datafield tag="240" ind1="0" ind2="0">
      <subfield code="a">Jazz</subfield>
      <subfield code="1">http://viaf.org/viaf/273152423</subfield>
    </datafield>
    <datafield tag="245" ind1="1" ind2="0">
      <subfield code="a">Jazz</subfield>
      <subfield code="c">/ Toni Morrison</subfield>
    </datafield>
    <datafield tag="260" ind1=" " ind2=" ">
      <subfield code="a">London</subfield>
      <subfield code="b">Vintage</subfield>
      <subfield code="c">2001</subfield>
    </datafield>
    <datafield tag="300" ind1=" " ind2=" ">
      <subfield code="a">229 s.</subfield>
    </datafield>
    <datafield tag="336" ind1=" " ind2=" ">
      <subfield code="a">text</subfield>
      <subfield code="b">txt</subfield>
      <subfield code="1">http://rdaregistry.info/termList/RDAContentType/1020</subfield>
      <subfield code="2">rdacontent</subfield>
    </datafield>
    <datafield tag="337" ind1=" " ind2=" ">
      <subfield code="a">unmediated</subfield>
      <subfield code="b">n</subfield>
      <subfield code="1">http://rdaregistry.info/termList/RDAMediaType/1007</subfield>
      <subfield code="2">rdamedia</subfield>
    </datafield>
    <datafield tag="338" ind1="1" ind2="0">
      <subfield code="a">volume</subfield>
      <subfield code="b">nc</subfield>
      <subfield code="1">http://rdaregistry.info/termList/RDACarrierType/1049</subfield>
      <subfield code="2">rdacarrier</subfield>
    </datafield>
    <datafield tag="653" ind1=" " ind2=" ">
      <subfield code="a">amerikansk</subfield>
      <subfield code="a">litteratur</subfield>
      <subfield code="a">jazz</subfield>
      <subfield code="a">romaner</subfield>
    </datafield>
    <datafield tag="856" ind1="4" ind2="2">
      <subfield code="3">Beskrivelse fra forlaget (kort)</subfield>
      <subfield code="u">http://content.bibsys.no/content/?type=descr_publ_brief&amp;isbn=0099750910</subfield>
    </datafield>
    <datafield tag="856" ind1="4" ind2="2">
      <subfield code="3">Beskrivelse fra forlaget (lang)</subfield>
      <subfield code="u">http://content.bibsys.no/content/?type=descr_publ_full&amp;isbn=0099750910</subfield>
    </datafield>
    <datafield tag="856" ind1="4" ind2="2">
      <subfield code="3">Omslagsbilde</subfield>
      <subfield code="u">http://innhold.bibsys.no/bilde/forside/?size=mini&amp;id=0099750910.JPG</subfield>
      <subfield code="q">image/jpeg</subfield>
    </datafield>
    <datafield tag="901" ind1=" " ind2=" ">
      <subfield code="a">80</subfield>
    </datafield>
    <datafield tag="852" ind1="0" ind2="1">
      <subfield code="a">47BIBSYS_UBTO</subfield>
      <subfield code="6">990312174194702205</subfield>
      <subfield code="9">P</subfield>
    </datafield>
    <datafield tag="852" ind1="0" ind2="1">
      <subfield code="a">47BIBSYS_HH</subfield>
      <subfield code="6">990312174194702214</subfield>
      <subfield code="9">P</subfield>
    </datafield>
    <datafield tag="852" ind1="0" ind2="1">
      <subfield code="a">47BIBSYS_NB</subfield>
      <subfield code="6">990312174194702202</subfield>
      <subfield code="9">P</subfield>
    </datafield>
  </record>