
  <record>
    <leader>01056ccm a2200313 c 4500</leader>
    <controlfield tag="001">990410504954702201</controlfield>
    <controlfield tag="005">20130830103246.0</controlfield>
    <controlfield tag="007">qu</controlfield>
    <controlfield tag="008">130830s1995    xx#||a||||||||||||||eng|d</controlfield>
    <datafield tag="020" ind1=" " ind2=" ">
      <subfield code="a">0711952248</subfield>
      <subfield code="q">h.</subfield>
    </datafield>
    <datafield tag="035" ind1=" " ind2=" ">
      <subfield code="a">041050495-47bibsys_network</subfield>
    </datafield>
    <datafield tag="035" ind1=" " ind2=" ">
      <subfield code="a">(NO-TrBIB)041050495</subfield>
    </datafield>
    <datafield tag="040" ind1=" " ind2=" ">
      <subfield code="a">NO-TrBIB</subfield>
      <subfield code="b">nob</subfield>
      <subfield code="e">katreg</subfield>
    </datafield>
    <datafield tag="045" ind1="0" ind2=" ">
      <subfield code="b">d1994</subfield>
    </datafield>
    <datafield tag="084" ind1=" " ind2=" ">
      <subfield code="a">S4010</subfield>
      <subfield code="2">noterlyd</subfield>
    </datafield>
    <datafield tag="100" ind1="1" ind2=" ">
      <subfield code="a">Previn, Andr</subfield>
      <subfield code="d">1929-</subfield>
      <subfield code="1">http://viaf.org/viaf/110759893</subfield>
      <subfield code="4">cmp</subfield>
    </datafield>
    <datafield tag="240" ind1="1" ind2="0">
      <subfield code="a">Sanger</subfield>
      <subfield code="m">sopran, cello, klaver</subfield>
      <subfield code="1">http://viaf.org/viaf/219174049</subfield>
    </datafield>
    <datafield tag="245" ind1="1" ind2="0">
      <subfield code="a">Four songs :</subfield>
      <subfield code="b">for soprano, cello and piano</subfield>
      <subfield code="c">Andr Previn ; poems by Toni Morrison</subfield>
      <subfield code="h">[musikktrykk]</subfield>
    </datafield>
    <datafield tag="260" ind1=" " ind2=" ">
      <subfield code="a">London</subfield>
      <subfield code="b">Chester Music</subfield>
      <subfield code="c">c1995</subfield>
    </datafield>
    <datafield tag="300" ind1=" " ind2=" ">
      <subfield code="a">1 partitur (26 s.)</subfield>
      <subfield code="e">stemmer</subfield>
    </datafield>
    <datafield tag="336" ind1=" " ind2=" ">
      <subfield code="a">notated music</subfield>
      <subfield code="b">ntm</subfield>
      <subfield code="1">http://rdaregistry.info/termList/RDAContentType/1010</subfield>
      <subfield code="2">rdacontent</subfield>
    </datafield>
    <datafield tag="337" ind1=" " ind2=" ">
      <subfield code="a">unmediated</subfield>
      <subfield code="b">n</subfield>
      <subfield code="1">http://rdaregistry.info/termList/RDAMediaType/1007</subfield>
      <subfield code="2">rdamedia</subfield>
    </datafield>
    <datafield tag="338" ind1="1" ind2="0">
      <subfield code="a">volume</subfield>
      <subfield code="b">nc</subfield>
      <subfield code="1">http://rdaregistry.info/termList/RDACarrierType/1049</subfield>
      <subfield code="2">rdacarrier</subfield>
    </datafield>
    <datafield tag="380" ind1=" " ind2=" ">
      <subfield code="a">Songs</subfield>
      <subfield code="2">emnmus</subfield>
    </datafield>
    <datafield tag="380" ind1=" " ind2=" ">
      <subfield code="a">Viser og sanger</subfield>
      <subfield code="2">emnmus</subfield>
    </datafield>
    <datafield tag="382" ind1=" " ind2="1">
      <subfield code="a">Klaver</subfield>
      <subfield code="a">Cello</subfield>
      <subfield code="a">Sopran</subfield>
      <subfield code="s">3</subfield>
      <subfield code="2">emnmus</subfield>
    </datafield>
    <datafield tag="382" ind1=" " ind2="1">
      <subfield code="a">Klaver</subfield>
      <subfield code="a">Cello</subfield>
      <subfield code="a">Sopran</subfield>
      <subfield code="a">Sang</subfield>
      <subfield code="s">3</subfield>
      <subfield code="2">emnmus</subfield>
    </datafield>
    <datafield tag="655" ind1=" " ind2="7">
      <subfield code="a">Partiturer</subfield>
      <subfield code="2">emnmus</subfield>
    </datafield>
    <datafield tag="700" ind1="1" ind2=" ">
      <subfield code="a">Morrison, Toni,</subfield>
      <subfield code="d">1931-</subfield>
      <subfield code="1">http://viaf.org/viaf/109406177</subfield>
      <subfield code="4">lyr</subfield>
    </datafield>
    <datafield tag="901" ind1=" " ind2=" ">
      <subfield code="a">80</subfield>
    </datafield>
    <datafield tag="852" ind1="0" ind2="1">
      <subfield code="a">47BIBSYS_UBA</subfield>
      <subfield code="6">990410504954702209</subfield>
      <subfield code="9">P</subfield>
    </datafield>
    <datafield tag="852" ind1="0" ind2="1">
      <subfield code="a">47BIBSYS_UBIS</subfield>
      <subfield code="6">990410504954702208</subfield>
      <subfield code="9">P</subfield>
    </datafield>
  </record>