
  <record>
    <leader>01226ccm a22003617c 4500</leader>
    <controlfield tag="001">990410594414702201</controlfield>
    <controlfield tag="005">20160114203413.0</controlfield>
    <controlfield tag="007">qu</controlfield>
    <controlfield tag="008">040421s1993    xx#||a||||||||||||||eng|d</controlfield>
    <datafield tag="020" ind1=" " ind2=" ">
      <subfield code="a">0711932263</subfield>
    </datafield>
    <datafield tag="035" ind1=" " ind2=" ">
      <subfield code="a">041059441-47bibsys_network</subfield>
    </datafield>
    <datafield tag="035" ind1=" " ind2=" ">
      <subfield code="a">(NO-TrBIB)041059441</subfield>
    </datafield>
    <datafield tag="040" ind1=" " ind2=" ">
      <subfield code="a">NO-TrBIB</subfield>
      <subfield code="b">nob</subfield>
      <subfield code="e">katreg</subfield>
    </datafield>
    <datafield tag="045" ind1="0" ind2=" ">
      <subfield code="b">d1993</subfield>
    </datafield>
    <datafield tag="084" ind1=" " ind2=" ">
      <subfield code="a">S203</subfield>
      <subfield code="2">noterlyd</subfield>
    </datafield>
    <datafield tag="100" ind1="1" ind2=" ">
      <subfield code="a">Previn, Andr</subfield>
      <subfield code="d">1929</subfield>
      <subfield code="1">http://viaf.org/viaf/110759893</subfield>
      <subfield code="4">cmp</subfield>
    </datafield>
    <datafield tag="240" ind1="1" ind2="0">
      <subfield code="a">Sanger, sang, orkester. Honey and rue. 1993.</subfield>
      <subfield code="o">Arr.</subfield>
      <subfield code="1">http://viaf.org/viaf/182899458</subfield>
    </datafield>
    <datafield tag="245" ind1="1" ind2="0">
      <subfield code="a">Honey and rue :</subfield>
      <subfield code="b">six songs for soprano and orchestra</subfield>
      <subfield code="c">Andr Previn ; words by Toni Morrison</subfield>
      <subfield code="h">[musikktrykk]</subfield>
    </datafield>
    <datafield tag="250" ind1=" " ind2=" ">
      <subfield code="a">Voice and piano reduction</subfield>
    </datafield>
    <datafield tag="260" ind1=" " ind2=" ">
      <subfield code="a">London</subfield>
      <subfield code="b">Chester Music</subfield>
      <subfield code="c">c1993</subfield>
    </datafield>
    <datafield tag="300" ind1=" " ind2=" ">
      <subfield code="a">37 s.</subfield>
    </datafield>
    <datafield tag="380" ind1=" " ind2=" ">
      <subfield code="a">Viser og sanger</subfield>
      <subfield code="2">emnmus</subfield>
    </datafield>
    <datafield tag="382" ind1=" " ind2="1">
      <subfield code="a">Klaver</subfield>
      <subfield code="a">Sopran</subfield>
      <subfield code="a">Sang</subfield>
      <subfield code="s">2</subfield>
      <subfield code="2">emnmus</subfield>
    </datafield>
    <datafield tag="505" ind1="0" ind2=" ">
      <subfield code="a">First I'll try love ; Whose house is this? ; The town is lit ; Do you know him? ; I am not seaworthy ; Take my mother home</subfield>
    </datafield>
    <datafield tag="700" ind1="1" ind2=" ">
      <subfield code="a">Morrison, Toni</subfield>
      <subfield code="1">http://viaf.org/viaf/109406177</subfield>
      <subfield code="4">lyr</subfield>
    </datafield>
    <datafield tag="740" ind1="0" ind2=" ">
      <subfield code="a">First I'll try love</subfield>
    </datafield>
    <datafield tag="740" ind1="0" ind2=" ">
      <subfield code="a">Whose house is this?</subfield>
    </datafield>
    <datafield tag="740" ind1="0" ind2=" ">
      <subfield code="a">The town is lit</subfield>
    </datafield>
    <datafield tag="740" ind1="0" ind2=" ">
      <subfield code="a">Do you know him?</subfield>
    </datafield>
    <datafield tag="740" ind1="0" ind2=" ">
      <subfield code="a">I am not seaworthy</subfield>
    </datafield>
    <datafield tag="740" ind1="0" ind2=" ">
      <subfield code="a">Take my mother home</subfield>
    </datafield>
    <datafield tag="901" ind1=" " ind2=" ">
      <subfield code="a">60</subfield>
    </datafield>
    <datafield tag="852" ind1="0" ind2="1">
      <subfield code="a">47BIBSYS_UBA</subfield>
      <subfield code="6">990410594414702209</subfield>
      <subfield code="9">P</subfield>
    </datafield>
  </record>