
  <record>
    <leader>01881cam a2200493 c 4500</leader>
    <controlfield tag="001">990411253124702201</controlfield>
    <controlfield tag="005">20160622153821.0</controlfield>
    <controlfield tag="007">ta</controlfield>
    <controlfield tag="007">cr||||||||||||</controlfield>
    <controlfield tag="008">150112s2004    no#||||| |||||000|f|nob| </controlfield>
    <datafield tag="015" ind1=" " ind2=" ">
      <subfield code="a">0409191</subfield>
      <subfield code="2">nbf</subfield>
    </datafield>
    <datafield tag="020" ind1=" " ind2=" ">
      <subfield code="a">8203207855</subfield>
      <subfield code="q">ib.</subfield>
      <subfield code="q">Aschehoug</subfield>
      <subfield code="c">Nkr 298.00</subfield>
    </datafield>
    <datafield tag="020" ind1=" " ind2=" ">
      <subfield code="a">8252545416</subfield>
      <subfield code="q">ib.</subfield>
      <subfield code="q">Bokklubben nye bker</subfield>
    </datafield>
    <datafield tag="035" ind1=" " ind2=" ">
      <subfield code="a">041125312-47bibsys_network</subfield>
    </datafield>
    <datafield tag="035" ind1=" " ind2=" ">
      <subfield code="a">(NO-TrBIB)041125312</subfield>
    </datafield>
    <datafield tag="035" ind1=" " ind2=" ">
      <subfield code="a">(NO-TrBIB)113922221</subfield>
    </datafield>
    <datafield tag="040" ind1=" " ind2=" ">
      <subfield code="a">NO-OsNB</subfield>
      <subfield code="b">nob</subfield>
      <subfield code="e">katreg</subfield>
    </datafield>
    <datafield tag="041" ind1="1" ind2=" ">
      <subfield code="h">eng</subfield>
    </datafield>
    <datafield tag="042" ind1=" " ind2=" ">
      <subfield code="a">norbibl</subfield>
    </datafield>
    <datafield tag="044" ind1=" " ind2=" ">
      <subfield code="c">no</subfield>
    </datafield>
    <datafield tag="080" ind1=" " ind2=" ">
      <subfield code="a">82</subfield>
    </datafield>
    <datafield tag="082" ind1="7" ind2="4">
      <subfield code="a">813</subfield>
      <subfield code="q">NO-OsNB</subfield>
      <subfield code="2">5/nor</subfield>
    </datafield>
    <datafield tag="084" ind1=" " ind2=" ">
      <subfield code="a">S 13b/US</subfield>
      <subfield code="2">oosk</subfield>
    </datafield>
    <datafield tag="100" ind1="1" ind2=" ">
      <subfield code="a">Morrison, Toni</subfield>
      <subfield code="d">1931-</subfield>
      <subfield code="1">http://viaf.org/viaf/109406177</subfield>
      <subfield code="4">aut</subfield>
    </datafield>
    <datafield tag="240" ind1="0" ind2="0">
      <subfield code="a">Love</subfield>
      <subfield code="l">nor</subfield>
      <subfield code="1">http://viaf.org/viaf/292669499</subfield>
    </datafield>
    <datafield tag="245" ind1="1" ind2="0">
      <subfield code="a">Kjrlighet</subfield>
      <subfield code="c">Toni Morrison ; oversatt av Mona Lange</subfield>
    </datafield>
    <datafield tag="246" ind1="1" ind2=" ">
      <subfield code="a">Love</subfield>
      <subfield code="i">Originaltittel</subfield>
    </datafield>
    <datafield tag="260" ind1=" " ind2=" ">
      <subfield code="a">Oslo</subfield>
      <subfield code="b">Aschehoug</subfield>
      <subfield code="c">2004</subfield>
    </datafield>
    <datafield tag="300" ind1=" " ind2=" ">
      <subfield code="a">236 s.</subfield>
    </datafield>
    <datafield tag="336" ind1=" " ind2=" ">
      <subfield code="a">text</subfield>
      <subfield code="b">txt</subfield>
      <subfield code="1">http://rdaregistry.info/termList/RDAContentType/1020</subfield>
      <subfield code="2">rdacontent</subfield>
    </datafield>
    <datafield tag="337" ind1=" " ind2=" ">
      <subfield code="a">unmediated</subfield>
      <subfield code="b">n</subfield>
      <subfield code="1">http://rdaregistry.info/termList/RDAMediaType/1007</subfield>
      <subfield code="2">rdamedia</subfield>
    </datafield>
    <datafield tag="338" ind1="1" ind2="0">
      <subfield code="a">volume</subfield>
      <subfield code="b">nc</subfield>
      <subfield code="1">http://rdaregistry.info/termList/RDACarrierType/1049</subfield>
      <subfield code="2">rdacarrier</subfield>
    </datafield>
    <datafield tag="653" ind1=" " ind2=" ">
      <subfield code="a">amerikanske</subfield>
      <subfield code="a">romaner</subfield>
      <subfield code="a">2000-tallet</subfield>
    </datafield>
    <datafield tag="700" ind1="1" ind2=" ">
      <subfield code="a">Lange, Mona</subfield>
      <subfield code="1">http://viaf.org/viaf/57309995</subfield>
      <subfield code="4">trl</subfield>
    </datafield>
    <datafield tag="856" ind1="4" ind2="2">
      <subfield code="3">Beskrivelse fra Forlagssentralen</subfield>
      <subfield code="u">http://content.bibsys.no/content/?type=descr_forlagssentr&amp;isbn=8203207855</subfield>
    </datafield>
    <datafield tag="856" ind1="4" ind2="2">
      <subfield code="3">Beskrivelse fra forlaget (kort)</subfield>
      <subfield code="u">http://content.bibsys.no/content/?type=descr_publ_brief&amp;isbn=8203207855</subfield>
    </datafield>
    <datafield tag="856" ind1="4" ind2="2">
      <subfield code="3">Omslagsbilde</subfield>
      <subfield code="u">http://innhold.bibsys.no/bilde/forside/?size=mini&amp;id=LITE_150053853.jpg</subfield>
      <subfield code="q">image/jpeg</subfield>
    </datafield>
    <datafield tag="856" ind1="4" ind2="2">
      <subfield code="3">Beskrivelse fra forlaget (kort)</subfield>
      <subfield code="u">http://content.bibsys.no/content/?type=descr_publ_brief&amp;isbn=9788203207853</subfield>
    </datafield>
    <datafield tag="901" ind1=" " ind2=" ">
      <subfield code="a">90</subfield>
    </datafield>
    <datafield tag="913" ind1=" " ind2=" ">
      <subfield code="a">Norbok</subfield>
      <subfield code="b">NB</subfield>
    </datafield>
  </record>