
  <record>
    <leader>00652cam a22002177c 4500</leader>
    <controlfield tag="001">990514678284702201</controlfield>
    <controlfield tag="005">20130830103246.0</controlfield>
    <controlfield tag="007">ta</controlfield>
    <controlfield tag="008">130830s2005    xx#|||||||||||000|u|swe| </controlfield>
    <datafield tag="020" ind1=" " ind2=" ">
      <subfield code="a">9137124285</subfield>
      <subfield code="q">ib.</subfield>
    </datafield>
    <datafield tag="035" ind1=" " ind2=" ">
      <subfield code="a">051467828-47bibsys_network</subfield>
    </datafield>
    <datafield tag="035" ind1=" " ind2=" ">
      <subfield code="a">(NO-TrBIB)051467828</subfield>
    </datafield>
    <datafield tag="040" ind1=" " ind2=" ">
      <subfield code="a">NO-OsNB</subfield>
      <subfield code="b">nob</subfield>
      <subfield code="e">katreg</subfield>
    </datafield>
    <datafield tag="100" ind1="1" ind2=" ">
      <subfield code="a">Morrison, Toni</subfield>
      <subfield code="d">1931-</subfield>
      <subfield code="1">http://viaf.org/viaf/109406177</subfield>
      <subfield code="4">aut</subfield>
    </datafield>
    <datafield tag="240" ind1="0" ind2="0">
      <subfield code="a">Love</subfield>
      <subfield code="l">swe</subfield>
      <subfield code="1">http://viaf.org/viaf/292669499</subfield>
    </datafield>
    <datafield tag="245" ind1="1" ind2="0">
      <subfield code="a">Krlek</subfield>
      <subfield code="c">Toni Morrison ; versttning: Kerstin Halln</subfield>
    </datafield>
    <datafield tag="246" ind1="1" ind2=" ">
      <subfield code="a">Love</subfield>
      <subfield code="i">Originaltittel</subfield>
    </datafield>
    <datafield tag="260" ind1=" " ind2=" ">
      <subfield code="a">Stockholm</subfield>
      <subfield code="b">Forum</subfield>
      <subfield code="c">2005</subfield>
    </datafield>
    <datafield tag="300" ind1=" " ind2=" ">
      <subfield code="a">237 s.</subfield>
    </datafield>
    <datafield tag="336" ind1=" " ind2=" ">
      <subfield code="a">text</subfield>
      <subfield code="b">txt</subfield>
      <subfield code="1">http://rdaregistry.info/termList/RDAContentType/1020</subfield>
      <subfield code="2">rdacontent</subfield>
    </datafield>
    <datafield tag="337" ind1=" " ind2=" ">
      <subfield code="a">unmediated</subfield>
      <subfield code="b">n</subfield>
      <subfield code="1">http://rdaregistry.info/termList/RDAMediaType/1007</subfield>
      <subfield code="2">rdamedia</subfield>
    </datafield>
    <datafield tag="338" ind1="1" ind2="0">
      <subfield code="a">volume</subfield>
      <subfield code="b">nc</subfield>
      <subfield code="1">http://rdaregistry.info/termList/RDACarrierType/1049</subfield>
      <subfield code="2">rdacarrier</subfield>
    </datafield>
    <datafield tag="700" ind1="1" ind2=" ">
      <subfield code="a">Halln, Kerstin</subfield>
      <subfield code="1">http://viaf.org/viaf/61228722</subfield>
      <subfield code="4">trl</subfield>
    </datafield>
    <datafield tag="653" ind1=" " ind2=" ">
      <subfield code="a">amerikanske</subfield>
      <subfield code="a">romaner</subfield>
      <subfield code="a">2000-tallet</subfield>
    </datafield>
    <datafield tag="901" ind1=" " ind2=" ">
      <subfield code="a">60</subfield>
    </datafield>
    <datafield tag="852" ind1="0" ind2="1">
      <subfield code="a">47BIBSYS_NB</subfield>
      <subfield code="6">990514678284702202</subfield>
      <subfield code="9">P</subfield>
    </datafield>
  </record>