
  <record>
    <leader>01037cam a2200253 c 4500</leader>
    <controlfield tag="001">990705023904702201</controlfield>
    <controlfield tag="005">20170124091444.0</controlfield>
    <controlfield tag="007">ta</controlfield>
    <controlfield tag="008">130830s1997    xx#|||||||||||000|u|eng|d</controlfield>
    <datafield tag="020" ind1=" " ind2=" ">
      <subfield code="a">0099765519</subfield>
      <subfield code="q">h.</subfield>
    </datafield>
    <datafield tag="035" ind1=" " ind2=" ">
      <subfield code="a">070502390-47bibsys_network</subfield>
    </datafield>
    <datafield tag="035" ind1=" " ind2=" ">
      <subfield code="a">(NO-TrBIB)070502390</subfield>
    </datafield>
    <datafield tag="040" ind1=" " ind2=" ">
      <subfield code="a">NO-TrBIB</subfield>
      <subfield code="b">nob</subfield>
      <subfield code="e">katreg</subfield>
    </datafield>
    <datafield tag="245" ind1="0" ind2="0">
      <subfield code="a">Birth of a nation'hood :</subfield>
      <subfield code="b">gaze, script, and spectacle in the O.J. Simpson case</subfield>
      <subfield code="c">edited by Toni Morrison and Claudia Brodsky Lacour ; introduction by Toni Morrison</subfield>
    </datafield>
    <datafield tag="260" ind1=" " ind2=" ">
      <subfield code="a">London</subfield>
      <subfield code="b">Vintage</subfield>
      <subfield code="c">1997</subfield>
    </datafield>
    <datafield tag="300" ind1=" " ind2=" ">
      <subfield code="a">XXVIII, 418 s.</subfield>
    </datafield>
    <datafield tag="336" ind1=" " ind2=" ">
      <subfield code="a">text</subfield>
      <subfield code="b">txt</subfield>
      <subfield code="1">http://rdaregistry.info/termList/RDAContentType/1020</subfield>
      <subfield code="2">rdacontent</subfield>
    </datafield>
    <datafield tag="337" ind1=" " ind2=" ">
      <subfield code="a">unmediated</subfield>
      <subfield code="b">n</subfield>
      <subfield code="1">http://rdaregistry.info/termList/RDAMediaType/1007</subfield>
      <subfield code="2">rdamedia</subfield>
    </datafield>
    <datafield tag="338" ind1="1" ind2="0">
      <subfield code="a">volume</subfield>
      <subfield code="b">nc</subfield>
      <subfield code="1">http://rdaregistry.info/termList/RDACarrierType/1049</subfield>
      <subfield code="2">rdacarrier</subfield>
    </datafield>
    <datafield tag="600" ind1="1" ind2="7">
      <subfield code="a">Simpson, O.J.</subfield>
      <subfield code="1">(NO-TrBIB)90980511</subfield>
      <subfield code="2">bare</subfield>
    </datafield>
    <datafield tag="650" ind1=" " ind2="0">
      <subfield code="a">Discrimination in criminal justice administration</subfield>
      <subfield code="z">United States</subfield>
    </datafield>
    <datafield tag="650" ind1=" " ind2="0">
      <subfield code="a">Trials (Murder)</subfield>
      <subfield code="z">California Los Angeles</subfield>
    </datafield>
    <datafield tag="700" ind1="1" ind2=" ">
      <subfield code="a">Brodsky, Claudia</subfield>
      <subfield code="1">http://viaf.org/viaf/63027863</subfield>
      <subfield code="4">edt</subfield>
    </datafield>
    <datafield tag="700" ind1="1" ind2=" ">
      <subfield code="a">Morrison, Toni,</subfield>
      <subfield code="d">1931-</subfield>
      <subfield code="1">http://viaf.org/viaf/109406177</subfield>
      <subfield code="4">edt</subfield>
    </datafield>
    <datafield tag="856" ind1="4" ind2="2">
      <subfield code="3">Beskrivelse fra forlaget (kort)</subfield>
      <subfield code="u">http://www.loc.gov/catdir/description/random047/96046535.html</subfield>
    </datafield>
    <datafield tag="901" ind1=" " ind2=" ">
      <subfield code="a">80</subfield>
    </datafield>
    <datafield tag="852" ind1="0" ind2="1">
      <subfield code="a">47BIBSYS_UBA</subfield>
      <subfield code="6">990705023904702209</subfield>
      <subfield code="9">P</subfield>
    </datafield>
  </record>