
  <record>
    <leader>01096cgm a2200289 c 4500</leader>
    <controlfield tag="001">990717041834702201</controlfield>
    <controlfield tag="005">20160519155856.0</controlfield>
    <controlfield tag="007">vd |v||||</controlfield>
    <controlfield tag="008">130830s1991    xx#|||||||||||####v|eng|d</controlfield>
    <datafield tag="035" ind1=" " ind2=" ">
      <subfield code="a">071704183-47bibsys_network</subfield>
    </datafield>
    <datafield tag="035" ind1=" " ind2=" ">
      <subfield code="a">(NO-TrBIB)071704183</subfield>
    </datafield>
    <datafield tag="040" ind1=" " ind2=" ">
      <subfield code="a">NO-TrBIB</subfield>
      <subfield code="b">nob</subfield>
      <subfield code="e">katreg</subfield>
    </datafield>
    <datafield tag="080" ind1=" " ind2=" ">
      <subfield code="a">820(73)</subfield>
    </datafield>
    <datafield tag="130" ind1=" " ind2="0">
      <subfield code="a">Beloved (motion picture)</subfield>
    </datafield>
    <datafield tag="240" ind1="0" ind2="0">
      <subfield code="a">Beloved</subfield>
      <subfield code="1">https://www.imdb.com/title/tt0120603/</subfield>
    </datafield>
    <datafield tag="245" ind1="0" ind2="0">
      <subfield code="a">Beloved</subfield>
      <subfield code="c">directed by Jonathan Demme ; produced by Edward Saxon ... [et al.]</subfield>
      <subfield code="h">[videoopptak]</subfield>
    </datafield>
    <datafield tag="260" ind1=" " ind2=" ">
      <subfield code="a">[S.l.]</subfield>
      <subfield code="b">Touchstone Home Video</subfield>
      <subfield code="c">c1991</subfield>
    </datafield>
    <datafield tag="300" ind1=" " ind2=" ">
      <subfield code="a">1 videoplate (DVD-video) (171 min)</subfield>
      <subfield code="b">lyd, kol.</subfield>
    </datafield>
    <datafield tag="336" ind1=" " ind2=" ">
      <subfield code="a">two-dimensional moving image</subfield>
      <subfield code="b">tdi</subfield>
      <subfield code="1">http://rdaregistry.info/termList/RDAContentType/1023</subfield>
      <subfield code="2">rdacontent</subfield>
    </datafield>
    <datafield tag="337" ind1=" " ind2=" ">
      <subfield code="a">video</subfield>
      <subfield code="b">v</subfield>
      <subfield code="1">http://rdaregistry.info/termList/RDAMediaType/1008</subfield>
      <subfield code="2">rdamedia</subfield>
    </datafield>
    <datafield tag="338" ind1="1" ind2="0">
      <subfield code="a">videodisc</subfield>
      <subfield code="b">vd</subfield>
      <subfield code="1">http://rdaregistry.info/termList/RDACarrierType/1060</subfield>
      <subfield code="2">rdacarrier</subfield>
    </datafield>
    <datafield tag="380" ind1=" " ind2=" ">
      <subfield code="a">motion picture</subfield>
    </datafield>
    <datafield tag="500" ind1=" " ind2=" ">
      <subfield code="a">Rolleliste: Oprah Winfrey, Danny Glover, Thandie  Newton.</subfield>
    </datafield>
    <datafield tag="500" ind1=" " ind2=" ">
      <subfield code="a">Filmen bygger p en roman av Toni Morrison.</subfield>
    </datafield>
    <datafield tag="500" ind1=" " ind2=" ">
      <subfield code="a">Engelsk tale</subfield>
    </datafield>
    <datafield tag="500" ind1=" " ind2=" ">
      <subfield code="a">Ekstramateriale: interactive menus, scene access.</subfield>
    </datafield>
    <datafield tag="500" ind1=" " ind2=" ">
      <subfield code="a">Kodet for region 1</subfield>
    </datafield>
    <datafield tag="700" ind1="1" ind2=" ">
      <subfield code="a">Demme, Jonathan,</subfield>
      <subfield code="d">1944-</subfield>
      <subfield code="1">(NO-TrBIB)98047306</subfield>
    </datafield>
    <datafield tag="700" ind1="1" ind2="2">
      <subfield code="a">Morrison, Toni,</subfield>
      <subfield code="d">1931-</subfield>
      <subfield code="1">(NO-TrBIB)90089202</subfield>
    </datafield>
    <datafield tag="700" ind1="1" ind2=" ">
      <subfield code="a">Winfrey, Oprah,</subfield>
      <subfield code="d">1954-</subfield>
      <subfield code="1">(NO-TrBIB)97011769</subfield>
    </datafield>
    <datafield tag="700" ind1="1" ind2=" ">
      <subfield code="a">Glover, Danny,</subfield>
      <subfield code="d">1947-</subfield>
      <subfield code="1">(NO-TrBIB)98012963</subfield>
    </datafield>
    <datafield tag="901" ind1=" " ind2=" ">
      <subfield code="a">80</subfield>
    </datafield>
    <datafield tag="852" ind1="0" ind2="1">
      <subfield code="a">47BIBSYS_HIT</subfield>
      <subfield code="6">990717041834702210</subfield>
      <subfield code="9">P</subfield>
    </datafield>
  </record>