
  <record>
    <leader>00860cam a2200265 c 4500</leader>
    <controlfield tag="001">990826251234702201</controlfield>
    <controlfield tag="005">20130830103246.0</controlfield>
    <controlfield tag="007">ta</controlfield>
    <controlfield tag="008">130830s2004    xx#|||||||||||000|u|eng|d</controlfield>
    <datafield tag="020" ind1=" " ind2=" ">
      <subfield code="a">1400033446</subfield>
      <subfield code="q">h.</subfield>
    </datafield>
    <datafield tag="035" ind1=" " ind2=" ">
      <subfield code="a">082625123-47bibsys_network</subfield>
    </datafield>
    <datafield tag="035" ind1=" " ind2=" ">
      <subfield code="a">(NO-TrBIB)082625123</subfield>
    </datafield>
    <datafield tag="040" ind1=" " ind2=" ">
      <subfield code="a">NO-TrBIB</subfield>
      <subfield code="b">nob</subfield>
      <subfield code="e">katreg</subfield>
    </datafield>
    <datafield tag="100" ind1="1" ind2=" ">
      <subfield code="a">Morrison, Toni</subfield>
      <subfield code="d">1931-</subfield>
      <subfield code="1">http://viaf.org/viaf/109406177</subfield>
      <subfield code="4">aut</subfield>
    </datafield>
    <datafield tag="240" ind1="0" ind2="0">
      <subfield code="a">Tar baby</subfield>
      <subfield code="1">http://viaf.org/viaf/189370223</subfield>
    </datafield>
    <datafield tag="245" ind1="1" ind2="0">
      <subfield code="a">Tar baby</subfield>
      <subfield code="c">Toni Morrison ; [with a new foreword by the author]</subfield>
    </datafield>
    <datafield tag="250" ind1=" " ind2=" ">
      <subfield code="a">1st Vintage International ed.</subfield>
    </datafield>
    <datafield tag="260" ind1=" " ind2=" ">
      <subfield code="a">New York</subfield>
      <subfield code="b">Vintage International</subfield>
      <subfield code="c">2004</subfield>
    </datafield>
    <datafield tag="300" ind1=" " ind2=" ">
      <subfield code="a">xiii, 305 s.</subfield>
    </datafield>
    <datafield tag="336" ind1=" " ind2=" ">
      <subfield code="a">text</subfield>
      <subfield code="b">txt</subfield>
      <subfield code="1">http://rdaregistry.info/termList/RDAContentType/1020</subfield>
      <subfield code="2">rdacontent</subfield>
    </datafield>
    <datafield tag="337" ind1=" " ind2=" ">
      <subfield code="a">unmediated</subfield>
      <subfield code="b">n</subfield>
      <subfield code="1">http://rdaregistry.info/termList/RDAMediaType/1007</subfield>
      <subfield code="2">rdamedia</subfield>
    </datafield>
    <datafield tag="338" ind1="1" ind2="0">
      <subfield code="a">volume</subfield>
      <subfield code="b">nc</subfield>
      <subfield code="1">http://rdaregistry.info/termList/RDACarrierType/1049</subfield>
      <subfield code="2">rdacarrier</subfield>
    </datafield>
    <datafield tag="650" ind1=" " ind2="0">
      <subfield code="a">Fugitives from justice</subfield>
    </datafield>
    <datafield tag="650" ind1=" " ind2="0">
      <subfield code="a">African Americans</subfield>
    </datafield>
    <datafield tag="650" ind1=" " ind2="0">
      <subfield code="a">Retirees</subfield>
    </datafield>
    <datafield tag="650" ind1=" " ind2="0">
      <subfield code="a">Caribbean Area</subfield>
    </datafield>
    <datafield tag="856" ind1="4" ind2="2">
      <subfield code="3">Omtale av forfatter</subfield>
      <subfield code="u">http://www.loc.gov/catdir/bios/random056/2004273496.html</subfield>
    </datafield>
    <datafield tag="901" ind1=" " ind2=" ">
      <subfield code="a">80</subfield>
    </datafield>
    <datafield tag="852" ind1="0" ind2="1">
      <subfield code="a">47BIBSYS_HH</subfield>
      <subfield code="6">990826251234702214</subfield>
      <subfield code="9">P</subfield>
    </datafield>
  </record>