
  <record>
    <leader>00758cam a2200253 c 4500</leader>
    <controlfield tag="001">990828450854702201</controlfield>
    <controlfield tag="005">20130830103246.0</controlfield>
    <controlfield tag="007">ta</controlfield>
    <controlfield tag="008">130830s2009    xx#|||||||||||000|f|eng|d</controlfield>
    <datafield tag="020" ind1=" " ind2=" ">
      <subfield code="a">9780099502548</subfield>
      <subfield code="q">h.</subfield>
    </datafield>
    <datafield tag="035" ind1=" " ind2=" ">
      <subfield code="a">082845085-47bibsys_network</subfield>
    </datafield>
    <datafield tag="035" ind1=" " ind2=" ">
      <subfield code="a">(NO-TrBIB)082845085</subfield>
    </datafield>
    <datafield tag="040" ind1=" " ind2=" ">
      <subfield code="a">NO-TrBIB</subfield>
      <subfield code="b">nob</subfield>
      <subfield code="e">katreg</subfield>
    </datafield>
    <datafield tag="082" ind1="0" ind2="4">
      <subfield code="a">810</subfield>
      <subfield code="2">23</subfield>
    </datafield>
    <datafield tag="100" ind1="1" ind2=" ">
      <subfield code="a">Morrison, Toni</subfield>
      <subfield code="d">1931-</subfield>
      <subfield code="1">http://viaf.org/viaf/109406177</subfield>
      <subfield code="4">aut</subfield>
    </datafield>
    <datafield tag="240" ind1="0" ind2="2">
      <subfield code="a">A mercy</subfield>
      <subfield code="1">http://viaf.org/viaf/245474949</subfield>
    </datafield>
    <datafield tag="245" ind1="1" ind2="2">
      <subfield code="a">A Mercy</subfield>
      <subfield code="c">Toni Morrison</subfield>
    </datafield>
    <datafield tag="260" ind1=" " ind2=" ">
      <subfield code="a">London</subfield>
      <subfield code="b">Vintage</subfield>
      <subfield code="c">2009</subfield>
    </datafield>
    <datafield tag="300" ind1=" " ind2=" ">
      <subfield code="a">165 s.</subfield>
    </datafield>
    <datafield tag="336" ind1=" " ind2=" ">
      <subfield code="a">text</subfield>
      <subfield code="b">txt</subfield>
      <subfield code="1">http://rdaregistry.info/termList/RDAContentType/1020</subfield>
      <subfield code="2">rdacontent</subfield>
    </datafield>
    <datafield tag="337" ind1=" " ind2=" ">
      <subfield code="a">unmediated</subfield>
      <subfield code="b">n</subfield>
      <subfield code="1">http://rdaregistry.info/termList/RDAMediaType/1007</subfield>
      <subfield code="2">rdamedia</subfield>
    </datafield>
    <datafield tag="338" ind1="1" ind2="0">
      <subfield code="a">volume</subfield>
      <subfield code="b">nc</subfield>
      <subfield code="1">http://rdaregistry.info/termList/RDACarrierType/1049</subfield>
      <subfield code="2">rdacarrier</subfield>
    </datafield>
    <datafield tag="653" ind1=" " ind2=" ">
      <subfield code="a">amerikansk</subfield>
      <subfield code="a">litteratur</subfield>
      <subfield code="a">roman</subfield>
    </datafield>
    <datafield tag="901" ind1=" " ind2=" ">
      <subfield code="a">80</subfield>
    </datafield>
    <datafield tag="852" ind1="0" ind2="1">
      <subfield code="a">47BIBSYS_UBA</subfield>
      <subfield code="6">990828450854702209</subfield>
      <subfield code="9">P</subfield>
    </datafield>
    <datafield tag="852" ind1="0" ind2="1">
      <subfield code="a">47BIBSYS_BI</subfield>
      <subfield code="6">990828450854702215</subfield>
      <subfield code="9">P</subfield>
    </datafield>
    <datafield tag="852" ind1="0" ind2="1">
      <subfield code="a">47BIBSYS_UBO</subfield>
      <subfield code="6">990828450854702204</subfield>
      <subfield code="9">P</subfield>
    </datafield>
    <datafield tag="852" ind1="0" ind2="1">
      <subfield code="a">47BIBSYS_HH</subfield>
      <subfield code="6">990828450854702214</subfield>
      <subfield code="9">P</subfield>
    </datafield>
  </record>