
  <record>
    <leader>00903cam a2200265 c 4500</leader>
    <controlfield tag="001">990926873424702201</controlfield>
    <controlfield tag="005">20170124085559.0</controlfield>
    <controlfield tag="007">ta</controlfield>
    <controlfield tag="008">131016s2009    xx#|||||||||||000|1|eng|d</controlfield>
    <datafield tag="020" ind1=" " ind2=" ">
      <subfield code="a">9780061774003</subfield>
      <subfield code="q">ib.</subfield>
    </datafield>
    <datafield tag="035" ind1=" " ind2=" ">
      <subfield code="a">092687342-47bibsys_network</subfield>
    </datafield>
    <datafield tag="035" ind1=" " ind2=" ">
      <subfield code="a">(NO-TrBIB)092687342</subfield>
    </datafield>
    <datafield tag="040" ind1=" " ind2=" ">
      <subfield code="a">NO-TrBIB</subfield>
      <subfield code="b">nob</subfield>
      <subfield code="e">katreg</subfield>
    </datafield>
    <datafield tag="082" ind1="7" ind2="4">
      <subfield code="a">808.84</subfield>
      <subfield code="q">NO-OsNB</subfield>
      <subfield code="2">5/nor</subfield>
    </datafield>
    <datafield tag="240" ind1="0" ind2="0">
      <subfield code="a">Burn this book</subfield>
      <subfield code="1">https://www.goodreads.com/book/show/6139736-burn-this-book </subfield>
    </datafield>
    <datafield tag="245" ind1="0" ind2="0">
      <subfield code="a">Burn this book :</subfield>
      <subfield code="b">PEN writers speak out on the power of the word</subfield>
      <subfield code="c">edited by Toni Morrison</subfield>
    </datafield>
    <datafield tag="260" ind1=" " ind2=" ">
      <subfield code="a">New York</subfield>
      <subfield code="b">HarperStudio</subfield>
      <subfield code="c">c2009</subfield>
    </datafield>
    <datafield tag="300" ind1=" " ind2=" ">
      <subfield code="a">VI, 118 s.</subfield>
    </datafield>
    <datafield tag="610" ind1="2" ind2="7">
      <subfield code="a">PEN</subfield>
      <subfield code="1">(NO-TrBIB)90253815</subfield>
      <subfield code="2">bare</subfield>
    </datafield>
    <datafield tag="653" ind1=" " ind2=" ">
      <subfield code="a">sensur</subfield>
      <subfield code="a">litteratur</subfield>
      <subfield code="a">forfattere</subfield>
      <subfield code="a">bker</subfield>
      <subfield code="a">pen</subfield>
    </datafield>
    <datafield tag="700" ind1="1" ind2=" ">
      <subfield code="a">Morrison, Toni,</subfield>
      <subfield code="d">1931-</subfield>
      <subfield code="1">http://viaf.org/viaf/109406177</subfield>
      <subfield code="4">edc</subfield>
    </datafield>
    <datafield tag="710" ind1="2" ind2=" ">
      <subfield code="a">PEN</subfield>
    </datafield>
  </record>