
  <record>
    <leader>01098cim a2200241 c 4500</leader>
    <controlfield tag="001">990009006564702201</controlfield>
    <controlfield tag="005">20170126144851.0</controlfield>
    <controlfield tag="007">sd f||||||||||</controlfield>
    <controlfield tag="008">130411s1999    xx#|||| ||||||||||||eng|d</controlfield>
    <datafield tag="035" ind1=" " ind2=" ">
      <subfield code="a">000900656-47bibsys_network</subfield>
    </datafield>
    <datafield tag="035" ind1=" " ind2=" ">
      <subfield code="a">(NO-TrBIB)000900656</subfield>
    </datafield>
    <datafield tag="040" ind1=" " ind2=" ">
      <subfield code="a">NO-TrBIB</subfield>
      <subfield code="b">nob</subfield>
      <subfield code="e">katreg</subfield>
    </datafield>
    <datafield tag="245" ind1="0" ind2="0">
      <subfield code="a">Engelsk for videregende skoler 1999-2001</subfield>
      <subfield code="h">[lydopptak]</subfield>
      <subfield code="p">[CD-samling]</subfield>
      <subfield code="n">4</subfield>
      <subfield code="p">CD 4</subfield>
    </datafield>
    <datafield tag="260" ind1=" " ind2=" ">
      <subfield code="a">Oslo</subfield>
      <subfield code="b">Undervisningsradioen NRK P2</subfield>
      <subfield code="c">1999</subfield>
    </datafield>
    <datafield tag="300" ind1=" " ind2=" ">
      <subfield code="a">1 optisk plate (61 min)</subfield>
    </datafield>
    <datafield tag="336" ind1=" " ind2=" ">
      <subfield code="a">spoken word</subfield>
      <subfield code="b">spw</subfield>
      <subfield code="1">http://rdaregistry.info/termList/RDAContentType/1013</subfield>
      <subfield code="2">rdacontent</subfield>
    </datafield>
    <datafield tag="337" ind1=" " ind2=" ">
      <subfield code="a">audio</subfield>
      <subfield code="b">s</subfield>
      <subfield code="1">http://rdaregistry.info/termList/RDAMediaType/1001</subfield>
      <subfield code="2">rdamedia</subfield>
    </datafield>
    <datafield tag="338" ind1="1" ind2="0">
      <subfield code="a">audio disc</subfield>
      <subfield code="b">sd</subfield>
      <subfield code="1">http://rdaregistry.info/termList/RDACarrierType/1004</subfield>
      <subfield code="2">rdacarrier</subfield>
    </datafield>
    <datafield tag="505" ind1="0" ind2=" ">
      <subfield code="a">Good advice is rarer than rubies / by Salman Rushdie ; Red dress / by Alice Munro ; Empty hands / by Claes Nordenkild ; Clara's day / by Penelope Lively</subfield>
    </datafield>
    <datafield tag="700" ind1="1" ind2="2">
      <subfield code="a">Lively, Penelope,</subfield>
      <subfield code="d">1933-</subfield>
      <subfield code="t">Clara's day</subfield>
      <subfield code="1">http://viaf.org/viaf/108497462</subfield>
      <subfield code="4">aut</subfield>
    </datafield>
    <datafield tag="700" ind1="1" ind2="2">
      <subfield code="a">Nordenkild, Claes</subfield>
      <subfield code="t">Empty hands</subfield>
      <subfield code="4">aut</subfield>
    </datafield>
    <datafield tag="700" ind1="1" ind2="2">
      <subfield code="a">Munro, Alice,</subfield>
      <subfield code="d">1931-</subfield>
      <subfield code="t">Red dress</subfield>
      <subfield code="1">http://viaf.org/viaf/68944521</subfield>
      <subfield code="4">aut</subfield>
    </datafield>
    <datafield tag="700" ind1="1" ind2=" ">
      <subfield code="a">Rushdie, Salman,</subfield>
      <subfield code="d">1947-</subfield>
      <subfield code="t">Good advice is rarer than rubies</subfield>
      <subfield code="1">http://viaf.org/viaf/29540187</subfield>
      <subfield code="4">aut</subfield>
    </datafield>
    <datafield tag="773" ind1="0" ind2="8">
      <subfield code="i">Inkludert i</subfield>
      <subfield code="t">Engelsk for videregende skoler 1999-2001. [CD-samling]</subfield>
      <subfield code="d">Oslo : Undervisningsradioen NRK P2, 1999</subfield>
      <subfield code="g">4</subfield>
      <subfield code="w">990008073704702201</subfield>
    </datafield>
    <datafield tag="901" ind1=" " ind2=" ">
      <subfield code="a">80</subfield>
    </datafield>
    <datafield tag="852" ind1="0" ind2="1">
      <subfield code="a">47BIBSYS_HVO</subfield>
      <subfield code="6">990009006564702220</subfield>
      <subfield code="9">P</subfield>
    </datafield>
  </record>