
  <record>
    <leader>00618caa a2200205 c 4500</leader>
    <controlfield tag="001">990316821894702201</controlfield>
    <controlfield tag="005">20190130100123.0</controlfield>
    <controlfield tag="007">ta</controlfield>
    <controlfield tag="008">031001s2002    xx#|||||||||||000|u|nob| </controlfield>
    <datafield tag="035" ind1=" " ind2=" ">
      <subfield code="a">031682189-47bibsys_network</subfield>
    </datafield>
    <datafield tag="035" ind1=" " ind2=" ">
      <subfield code="a">(NO-TrBIB)031682189</subfield>
    </datafield>
    <datafield tag="040" ind1=" " ind2=" ">
      <subfield code="a">NO-OsNB</subfield>
      <subfield code="b">nob</subfield>
      <subfield code="e">katreg</subfield>
    </datafield>
    <datafield tag="042" ind1=" " ind2=" ">
      <subfield code="a">norbibl</subfield>
    </datafield>
    <datafield tag="100" ind1="1" ind2=" ">
      <subfield code="a">Munro, Alice</subfield>
      <subfield code="d">1931-</subfield>
      <subfield code="1">http://viaf.org/viaf/68944521</subfield>
      <subfield code="4">aut</subfield>
    </datafield>
    <datafield tag="245" ind1="1" ind2="3">
      <subfield code="a">En utpost i demarken</subfield>
      <subfield code="c">Alice Munro ; [oversatt av Ebba Haslund]</subfield>
    </datafield>
    <datafield tag="260" ind1=" " ind2=" ">
      <subfield code="c">2002</subfield>
    </datafield>
    <datafield tag="300" ind1=" " ind2=" ">
      <subfield code="a">S. 179-[207]</subfield>
    </datafield>
    <datafield tag="336" ind1=" " ind2=" ">
      <subfield code="a">text</subfield>
      <subfield code="b">txt</subfield>
      <subfield code="1">http://rdaregistry.info/termList/RDAContentType/1020</subfield>
      <subfield code="2">rdacontent</subfield>
    </datafield>
    <datafield tag="337" ind1=" " ind2=" ">
      <subfield code="a">unmediated</subfield>
      <subfield code="b">n</subfield>
      <subfield code="1">http://rdaregistry.info/termList/RDAMediaType/1007</subfield>
      <subfield code="2">rdamedia</subfield>
    </datafield>
    <datafield tag="338" ind1="1" ind2="0">
      <subfield code="a">volume</subfield>
      <subfield code="b">nc</subfield>
      <subfield code="1">http://rdaregistry.info/termList/RDACarrierType/1049</subfield>
      <subfield code="2">rdacarrier</subfield>
    </datafield>
    <datafield tag="773" ind1="0" ind2=" ">
      <subfield code="t">Den m du lese!</subfield>
      <subfield code="d">[Oslo] : Gyldendal, 2002</subfield>
      <subfield code="z">8205302537</subfield>
      <subfield code="w">990222782904702201</subfield>
    </datafield>
    <datafield tag="901" ind1=" " ind2=" ">
      <subfield code="a">90</subfield>
    </datafield>
    <datafield tag="913" ind1=" " ind2=" ">
      <subfield code="a">Norbok</subfield>
      <subfield code="b">NB</subfield>
    </datafield>
  </record>