
  <record>
    <leader>01620cam a2200445 c 4500</leader>
    <controlfield tag="001">990714599604702201</controlfield>
    <controlfield tag="005">20160622154713.0</controlfield>
    <controlfield tag="007">ta</controlfield>
    <controlfield tag="007">cr||||||||||||</controlfield>
    <controlfield tag="008">131210s2007    no#||||| |||||000|f|nob| </controlfield>
    <datafield tag="015" ind1=" " ind2=" ">
      <subfield code="a">0714225</subfield>
      <subfield code="2">nbf</subfield>
    </datafield>
    <datafield tag="020" ind1=" " ind2=" ">
      <subfield code="a">9788205375680</subfield>
      <subfield code="q">h.</subfield>
      <subfield code="c">Nkr 99.00</subfield>
    </datafield>
    <datafield tag="035" ind1=" " ind2=" ">
      <subfield code="a">071459960-47bibsys_network</subfield>
    </datafield>
    <datafield tag="035" ind1=" " ind2=" ">
      <subfield code="a">(NO-TrBIB)071459960</subfield>
    </datafield>
    <datafield tag="035" ind1=" " ind2=" ">
      <subfield code="a">(NO-TrBIB)130788236</subfield>
    </datafield>
    <datafield tag="040" ind1=" " ind2=" ">
      <subfield code="a">NO-OsNB</subfield>
      <subfield code="b">nob</subfield>
      <subfield code="e">katreg</subfield>
    </datafield>
    <datafield tag="041" ind1="1" ind2=" ">
      <subfield code="h">eng</subfield>
    </datafield>
    <datafield tag="042" ind1=" " ind2=" ">
      <subfield code="a">norbibl</subfield>
    </datafield>
    <datafield tag="044" ind1=" " ind2=" ">
      <subfield code="c">no</subfield>
    </datafield>
    <datafield tag="082" ind1="7" ind2="4">
      <subfield code="a">813</subfield>
      <subfield code="q">NO-OsNB</subfield>
      <subfield code="2">5/nor</subfield>
    </datafield>
    <datafield tag="082" ind1="0" ind2="4">
      <subfield code="a">810</subfield>
      <subfield code="2">23</subfield>
    </datafield>
    <datafield tag="084" ind1=" " ind2=" ">
      <subfield code="a">S 13b/CA</subfield>
      <subfield code="2">oosk</subfield>
    </datafield>
    <datafield tag="100" ind1="1" ind2=" ">
      <subfield code="a">Munro, Alice</subfield>
      <subfield code="d">1931-</subfield>
      <subfield code="1">http://viaf.org/viaf/68944521</subfield>
      <subfield code="4">aut</subfield>
    </datafield>
    <datafield tag="240" ind1="0" ind2="0">
      <subfield code="a">Hateship, friendship, courtship, loveship, marriage</subfield>
      <subfield code="l">nor</subfield>
      <subfield code="1">http://viaf.org/viaf/187563736</subfield>
    </datafield>
    <datafield tag="245" ind1="1" ind2="0">
      <subfield code="a">Uvennskap, vennskap, forelskelse, forlovelse, ekteskap</subfield>
      <subfield code="c">Alice Munro ; oversatt fra engelsk av Kia Halling ; innleiing ved Erna Osland</subfield>
    </datafield>
    <datafield tag="246" ind1="1" ind2=" ">
      <subfield code="a">Hateship, friendship, courtship, loveship, marriage</subfield>
      <subfield code="i">Originaltittel</subfield>
    </datafield>
    <datafield tag="260" ind1=" " ind2=" ">
      <subfield code="a">[Oslo]</subfield>
      <subfield code="b">Gyldendal</subfield>
      <subfield code="c">2007</subfield>
    </datafield>
    <datafield tag="300" ind1=" " ind2=" ">
      <subfield code="a">318 s.</subfield>
    </datafield>
    <datafield tag="336" ind1=" " ind2=" ">
      <subfield code="a">text</subfield>
      <subfield code="b">txt</subfield>
      <subfield code="1">http://rdaregistry.info/termList/RDAContentType/1020</subfield>
      <subfield code="2">rdacontent</subfield>
    </datafield>
    <datafield tag="337" ind1=" " ind2=" ">
      <subfield code="a">unmediated</subfield>
      <subfield code="b">n</subfield>
      <subfield code="1">http://rdaregistry.info/termList/RDAMediaType/1007</subfield>
      <subfield code="2">rdamedia</subfield>
    </datafield>
    <datafield tag="338" ind1="1" ind2="0">
      <subfield code="a">volume</subfield>
      <subfield code="b">nc</subfield>
      <subfield code="1">http://rdaregistry.info/termList/RDACarrierType/1049</subfield>
      <subfield code="2">rdacarrier</subfield>
    </datafield>
    <datafield tag="490" ind1="1" ind2=" ">
      <subfield code="a">Forfatterens forfatter</subfield>
    </datafield>
    <datafield tag="500" ind1=" " ind2=" ">
      <subfield code="a">1. norske utg. 2004</subfield>
    </datafield>
    <datafield tag="653" ind1=" " ind2=" ">
      <subfield code="a">kanadiske</subfield>
      <subfield code="a">noveller</subfield>
      <subfield code="a">canada</subfield>
      <subfield code="a">litteratur</subfield>
    </datafield>
    <datafield tag="700" ind1="1" ind2=" ">
      <subfield code="a">Halling, Kia</subfield>
      <subfield code="1">http://viaf.org/viaf/106570778</subfield>
      <subfield code="4">trl</subfield>
    </datafield>
    <datafield tag="830" ind1=" " ind2="0">
      <subfield code="a">Forfatterens forfatter</subfield>
    </datafield>
    <datafield tag="856" ind1="4" ind2="2">
      <subfield code="3">Beskrivelse fra Forlagssentralen</subfield>
      <subfield code="u">http://content.bibsys.no/content/?type=descr_forlagssentr&amp;isbn=8205375682</subfield>
    </datafield>
    <datafield tag="856" ind1="4" ind2="2">
      <subfield code="3">Beskrivelse fra forlaget (kort)</subfield>
      <subfield code="u">http://content.bibsys.no/content/?type=descr_publ_brief&amp;isbn=8205375682</subfield>
    </datafield>
  </record>