
  <record>
    <leader>01561cgm a2200373 c 4500</leader>
    <controlfield tag="001">990714615904702201</controlfield>
    <controlfield tag="005">20160519155820.0</controlfield>
    <controlfield tag="007">vd |v||||</controlfield>
    <controlfield tag="008">131023s2007    xx#|||||||||||####v|und|d</controlfield>
    <datafield tag="035" ind1=" " ind2=" ">
      <subfield code="a">071461590-47bibsys_network</subfield>
    </datafield>
    <datafield tag="035" ind1=" " ind2=" ">
      <subfield code="a">(NO-TrBIB)071461590</subfield>
    </datafield>
    <datafield tag="040" ind1=" " ind2=" ">
      <subfield code="a">NO-TrBIB</subfield>
      <subfield code="b">nob</subfield>
      <subfield code="e">katreg</subfield>
    </datafield>
    <datafield tag="240" ind1="0" ind2="0">
      <subfield code="a">Away from her</subfield>
      <subfield code="1">http://viaf.org/viaf/316754487</subfield>
    </datafield>
    <datafield tag="245" ind1="0" ind2="0">
      <subfield code="a">Away from her</subfield>
      <subfield code="c">a film by Sarah Polley</subfield>
      <subfield code="h">[videoopptak]</subfield>
    </datafield>
    <datafield tag="260" ind1=" " ind2=" ">
      <subfield code="a">[S.l.]</subfield>
      <subfield code="b">Metrodome</subfield>
      <subfield code="c">2007</subfield>
    </datafield>
    <datafield tag="300" ind1=" " ind2=" ">
      <subfield code="a">1 plate (DVD-video) (105 min)</subfield>
      <subfield code="b">lyd, kol.</subfield>
    </datafield>
    <datafield tag="336" ind1=" " ind2=" ">
      <subfield code="a">two-dimensional moving image</subfield>
      <subfield code="b">tdi</subfield>
      <subfield code="1">http://rdaregistry.info/termList/RDAContentType/1023</subfield>
      <subfield code="2">rdacontent</subfield>
    </datafield>
    <datafield tag="337" ind1=" " ind2=" ">
      <subfield code="a">video</subfield>
      <subfield code="b">v</subfield>
      <subfield code="1">http://rdaregistry.info/termList/RDAMediaType/1008</subfield>
      <subfield code="2">rdamedia</subfield>
    </datafield>
    <datafield tag="338" ind1="1" ind2="0">
      <subfield code="a">videodisc</subfield>
      <subfield code="b">vd</subfield>
      <subfield code="1">http://rdaregistry.info/termList/RDACarrierType/1060</subfield>
      <subfield code="2">rdacarrier</subfield>
    </datafield>
    <datafield tag="500" ind1=" " ind2=" ">
      <subfield code="a">Aldersgrense 12 r</subfield>
    </datafield>
    <datafield tag="500" ind1=" " ind2=" ">
      <subfield code="a">Basert p: The Bear Came Over The Mountain / Alice Munro</subfield>
    </datafield>
    <datafield tag="500" ind1=" " ind2=" ">
      <subfield code="a">Rolleliste: Gordon Pinsent (Grant), Julie Christie (Fiona), Olympia Dukakis (kona til Aubrey), Michael Murphy (Aubrey)</subfield>
    </datafield>
    <datafield tag="500" ind1=" " ind2=" ">
      <subfield code="a">DVD : MTD53331</subfield>
    </datafield>
    <datafield tag="500" ind1=" " ind2=" ">
      <subfield code="a">Medietilsynet : 1282-115140</subfield>
    </datafield>
    <datafield tag="653" ind1=" " ind2=" ">
      <subfield code="a">drama</subfield>
      <subfield code="a">alzheimer</subfield>
      <subfield code="a">famileforhold</subfield>
      <subfield code="a">eldre</subfield>
      <subfield code="a">demens</subfield>
      <subfield code="a">prrende</subfield>
      <subfield code="a">spelefilmar</subfield>
      <subfield code="a">britiske</subfield>
      <subfield code="a">amerikanske</subfield>
    </datafield>
    <datafield tag="700" ind1="1" ind2=" ">
      <subfield code="a">Polley, Sarah,</subfield>
      <subfield code="d">1979-</subfield>
      <subfield code="1">http://viaf.org/viaf/85088533</subfield>
      <subfield code="4">dir</subfield>
    </datafield>
    <datafield tag="700" ind1="1" ind2=" ">
      <subfield code="a">Christie, Julie,</subfield>
      <subfield code="d">1941-</subfield>
      <subfield code="1">(NO-TrBIB)90852856</subfield>
    </datafield>
    <datafield tag="700" ind1="1" ind2=" ">
      <subfield code="a">Pinsent, Gordon,</subfield>
      <subfield code="d">1930-</subfield>
      <subfield code="1">(NO-TrBIB)7068522</subfield>
    </datafield>
    <datafield tag="700" ind1="1" ind2=" ">
      <subfield code="a">Dukakis, Olympia,</subfield>
      <subfield code="d">1931-</subfield>
      <subfield code="1">(NO-TrBIB)1095472</subfield>
    </datafield>
    <datafield tag="700" ind1="1" ind2=" ">
      <subfield code="a">Murphy, Michael,</subfield>
      <subfield code="d">1938-</subfield>
      <subfield code="1">(NO-TrBIB)8004948</subfield>
    </datafield>
    <datafield tag="700" ind1="1" ind2="2">
      <subfield code="a">Munro, Alice,</subfield>
      <subfield code="d">1931-</subfield>
      <subfield code="i">http://metadataregistry.org/schemaprop/show/id/24036.html</subfield>
      <subfield code="t">The Bear Came Over The Mountain</subfield>
      <subfield code="1">http://viaf.org/viaf/68944521</subfield>
      <subfield code="4">aut</subfield>
    </datafield>
    <datafield tag="901" ind1=" " ind2=" ">
      <subfield code="a">80</subfield>
    </datafield>
  </record>