
  <record>
    <leader>00677nam a2200157 i 4500</leader>
    <controlfield tag="001">000000053748</controlfield>
    <controlfield tag="008">740619s1974    onc           0001j eng  </controlfield>
    <datafield tag="020" ind1=" " ind2=" ">
      <subfield code="a">0070777608 :</subfield>
      <subfield code="c">$7.95</subfield>
    </datafield>
    <datafield tag="100" ind1="1" ind2="0">
      <subfield code="a">Munro, Alice,</subfield>
      <subfield code="d">1931-</subfield>
      <subfield code="1">http://viaf.org/viaf/68944521</subfield>
      <subfield code="4">aut</subfield>
    </datafield>
    <datafield tag="240" ind1="0" ind2="0">
      <subfield code="a">Something I've been meaning to tell you</subfield>
      <subfield code="1">http://viaf.org/viaf/187010370</subfield>
    </datafield>
    <datafield tag="245" ind1="1" ind2="0">
      <subfield code="a">Something I've been meaning to tell you :</subfield>
      <subfield code="b">thirteen stories /</subfield>
      <subfield code="c">Alice Munro.</subfield>
    </datafield>
    <datafield tag="260" ind1="0" ind2=" ">
      <subfield code="a">Toronto :</subfield>
      <subfield code="b">McGraw-Hill Ryerson,</subfield>
      <subfield code="c">1974.</subfield>
    </datafield>
    <datafield tag="300" ind1=" " ind2=" ">
      <subfield code="a">246 p. ;</subfield>
      <subfield code="c">23 cm.</subfield>
    </datafield>
    <datafield tag="336" ind1=" " ind2=" ">
      <subfield code="a">text</subfield>
      <subfield code="b">txt</subfield>
      <subfield code="1">http://rdaregistry.info/termList/RDAContentType/1020</subfield>
      <subfield code="2">rdacontent</subfield>
    </datafield>
    <datafield tag="337" ind1=" " ind2=" ">
      <subfield code="a">unmediated</subfield>
      <subfield code="b">n</subfield>
      <subfield code="1">http://rdaregistry.info/termList/RDAMediaType/1007</subfield>
      <subfield code="2">rdamedia</subfield>
    </datafield>
    <datafield tag="338" ind1="1" ind2="0">
      <subfield code="a">volume</subfield>
      <subfield code="b">nc</subfield>
      <subfield code="1">http://rdaregistry.info/termList/RDACarrierType/1049</subfield>
      <subfield code="2">rdacarrier</subfield>
    </datafield>
    <datafield tag="852" ind1="0" ind2="0">
      <subfield code="9">1</subfield>
      <subfield code="a">CaOONL</subfield>
      <subfield code="c">NL Stacks</subfield>
      <subfield code="h">PS8576 U57</subfield>
      <subfield code="i">S6</subfield>
    </datafield>
    <datafield tag="852" ind1="0" ind2="0">
      <subfield code="9">2</subfield>
      <subfield code="a">CaOONL</subfield>
      <subfield code="c">NL Stacks</subfield>
      <subfield code="h">PS8576 U57</subfield>
      <subfield code="i">S6</subfield>
      <subfield code="t">Copy 2</subfield>
    </datafield>
    <datafield tag="852" ind1="0" ind2="0">
      <subfield code="9">3</subfield>
      <subfield code="a">CaOONL</subfield>
      <subfield code="c">Preserv - off site</subfield>
      <subfield code="h">PS8576 U57</subfield>
      <subfield code="i">S6</subfield>
      <subfield code="t">Copy 3</subfield>
      <subfield code="z">NL copy: Has dust jacket.</subfield>
    </datafield>
    <datafield tag="856" ind1="4" ind2="2">
      <subfield code="3">French equivalent  / Equivalent francais</subfield>
      <subfield code="u">https://bac-lac.on.worldcat.org/oclc/299404554</subfield>
    </datafield>
  </record>