
  <record>
    <leader>00503nam a2200133 i 4500</leader>
    <controlfield tag="001">000000765905</controlfield>
    <controlfield tag="008">750203s1974    enk           0001f eng  </controlfield>
    <datafield tag="020" ind1=" " ind2=" ">
      <subfield code="a">0713907703 :</subfield>
      <subfield code="c">2.50</subfield>
    </datafield>
    <datafield tag="100" ind1="1" ind2="0">
      <subfield code="a">Munro, Alice,</subfield>
      <subfield code="d">1931-</subfield>
      <subfield code="1">http://viaf.org/viaf/68944521</subfield>
      <subfield code="4">aut</subfield>
    </datafield>
    <datafield tag="240" ind1="0" ind2="0">
      <subfield code="a">Dance of the happy shades</subfield>
      <subfield code="1">http://viaf.org/viaf/185158619</subfield>
    </datafield>
    <datafield tag="245" ind1="1" ind2="0">
      <subfield code="a">Dance of the happy shades, and other stories /</subfield>
      <subfield code="c">Alice Munro.</subfield>
    </datafield>
    <datafield tag="260" ind1="0" ind2=" ">
      <subfield code="a">London :</subfield>
      <subfield code="b">Allen Lane,</subfield>
      <subfield code="c">1974.</subfield>
    </datafield>
    <datafield tag="300" ind1=" " ind2=" ">
      <subfield code="a">[7], 224 p. ;</subfield>
      <subfield code="c">21 cm.</subfield>
    </datafield>
    <datafield tag="336" ind1=" " ind2=" ">
      <subfield code="a">text</subfield>
      <subfield code="b">txt</subfield>
      <subfield code="1">http://rdaregistry.info/termList/RDAContentType/1020</subfield>
      <subfield code="2">rdacontent</subfield>
    </datafield>
    <datafield tag="337" ind1=" " ind2=" ">
      <subfield code="a">unmediated</subfield>
      <subfield code="b">n</subfield>
      <subfield code="1">http://rdaregistry.info/termList/RDAMediaType/1007</subfield>
      <subfield code="2">rdamedia</subfield>
    </datafield>
    <datafield tag="338" ind1="1" ind2="0">
      <subfield code="a">volume</subfield>
      <subfield code="b">nc</subfield>
      <subfield code="1">http://rdaregistry.info/termList/RDACarrierType/1049</subfield>
      <subfield code="2">rdacarrier</subfield>
    </datafield>
    <datafield tag="852" ind1="4" ind2="0">
      <subfield code="9">1</subfield>
      <subfield code="a">CaOONL</subfield>
      <subfield code="c">Preserv - off site</subfield>
      <subfield code="j">B-21102</subfield>
      <subfield code="z">NL copy: Has dust jacket wrapped in mylar.</subfield>
    </datafield>
    <datafield tag="852" ind1="0" ind2="0">
      <subfield code="9">2</subfield>
      <subfield code="a">CaOONL</subfield>
      <subfield code="c">NL Stacks</subfield>
      <subfield code="h">PS8576 U57 D3</subfield>
      <subfield code="i">1974</subfield>
      <subfield code="t">Copy 2</subfield>
    </datafield>
  </record>