
  <record>
    <leader>00739cam a2200181 i 4500</leader>
    <controlfield tag="001">000001356478</controlfield>
    <controlfield tag="008">800131s1979    quc           0001j fre  </controlfield>
    <datafield tag="020" ind1=" " ind2=" ">
      <subfield code="a">2890370135 :</subfield>
      <subfield code="c">$12.95</subfield>
    </datafield>
    <datafield tag="100" ind1="1" ind2=" ">
      <subfield code="a">Munro, Alice,</subfield>
      <subfield code="d">1931-</subfield>
      <subfield code="1">http://viaf.org/viaf/68944521</subfield>
      <subfield code="4">aut</subfield>
    </datafield>
    <datafield tag="240" ind1="0" ind2="0">
      <subfield code="a">Dance of the happy shades</subfield>
      <subfield code="l">fre</subfield>
      <subfield code="1">http://viaf.org/viaf/311592789</subfield>
    </datafield>
    <datafield tag="245" ind1="1" ind2="3">
      <subfield code="a">La danse des ombres :</subfield>
      <subfield code="b">nouvelles /</subfield>
      <subfield code="c">Alice Munro ; traduit de l'anglais par Colette Tonge.</subfield>
    </datafield>
    <datafield tag="260" ind1="0" ind2=" ">
      <subfield code="a">Montreal :</subfield>
      <subfield code="b">Quebec/Amerique,</subfield>
      <subfield code="c">c1979.</subfield>
    </datafield>
    <datafield tag="300" ind1=" " ind2=" ">
      <subfield code="a">273 p. ;</subfield>
      <subfield code="c">23 cm.</subfield>
    </datafield>
    <datafield tag="336" ind1=" " ind2=" ">
      <subfield code="a">text</subfield>
      <subfield code="b">txt</subfield>
      <subfield code="1">http://rdaregistry.info/termList/RDAContentType/1020</subfield>
      <subfield code="2">rdacontent</subfield>
    </datafield>
    <datafield tag="337" ind1=" " ind2=" ">
      <subfield code="a">unmediated</subfield>
      <subfield code="b">n</subfield>
      <subfield code="1">http://rdaregistry.info/termList/RDAMediaType/1007</subfield>
      <subfield code="2">rdamedia</subfield>
    </datafield>
    <datafield tag="338" ind1="1" ind2="0">
      <subfield code="a">volume</subfield>
      <subfield code="b">nc</subfield>
      <subfield code="1">http://rdaregistry.info/termList/RDACarrierType/1049</subfield>
      <subfield code="2">rdacarrier</subfield>
    </datafield>
    <datafield tag="440" ind1=" " ind2="0">
      <subfield code="a">Collection Litterature d'Amerique</subfield>
    </datafield>
    <datafield tag="700" ind1="1" ind2=" ">
      <subfield code="a">Tonge, Colette</subfield>
      <subfield code="1">http://viaf.org/viaf/305442365</subfield>
      <subfield code="4">trl</subfield>
    </datafield>
    <datafield tag="852" ind1="4" ind2="0">
      <subfield code="9">1</subfield>
      <subfield code="a">CaOONL</subfield>
      <subfield code="c">Conserv autr edifice</subfield>
      <subfield code="j">B-21107</subfield>
    </datafield>
    <datafield tag="852" ind1="0" ind2="0">
      <subfield code="9">2</subfield>
      <subfield code="a">CaOONL</subfield>
      <subfield code="c">Mg. livres</subfield>
      <subfield code="h">PS8576 U57 </subfield>
      <subfield code="i">D314</subfield>
      <subfield code="t">2e ex.</subfield>
    </datafield>
    <datafield tag="852" ind1="0" ind2="0">
      <subfield code="9">3</subfield>
      <subfield code="a">CaOONL</subfield>
      <subfield code="c">Mg. livres</subfield>
      <subfield code="h">PS8576 U57 </subfield>
      <subfield code="i">D314</subfield>
      <subfield code="t">3e ex.</subfield>
    </datafield>
    <datafield tag="852" ind1="0" ind2="0">
      <subfield code="9">4</subfield>
      <subfield code="a">CaOONL</subfield>
      <subfield code="c">Mg. livres</subfield>
      <subfield code="h">PS8576 U57 </subfield>
      <subfield code="i">D314</subfield>
      <subfield code="t">4e ex.</subfield>
    </datafield>
  </record>