
  <record>
    <leader>00571cam a2200145 a 4500</leader>
    <controlfield tag="001">000002457555</controlfield>
    <controlfield tag="008">811015s1981    quc           0001f fre  </controlfield>
    <datafield tag="020" ind1=" " ind2=" ">
      <subfield code="a">2890370593 :</subfield>
      <subfield code="c">$12,95</subfield>
    </datafield>
    <datafield tag="100" ind1="1" ind2=" ">
      <subfield code="a">Munro, Alice,</subfield>
      <subfield code="d">1931-</subfield>
      <subfield code="1">http://viaf.org/viaf/68944521</subfield>
      <subfield code="4">aut</subfield>
    </datafield>
    <datafield tag="240" ind1="0" ind2="0">
      <subfield code="a">Who do you think you are?</subfield>
      <subfield code="l">fre</subfield>
      <subfield code="1">http://viaf.org/viaf/185158619</subfield>
    </datafield>
    <datafield tag="245" ind1="1" ind2="0">
      <subfield code="a">Pour qui te prends-tu? :</subfield>
      <subfield code="b">roman /</subfield>
      <subfield code="c">Alice Munro ; traduit de l'anglais par Colette Tonge.</subfield>
    </datafield>
    <datafield tag="260" ind1="0" ind2=" ">
      <subfield code="a">Montreal :</subfield>
      <subfield code="b">Quebec/Amerique,</subfield>
      <subfield code="c">1981.</subfield>
    </datafield>
    <datafield tag="300" ind1=" " ind2=" ">
      <subfield code="a">297 p. ;</subfield>
      <subfield code="c">23 cm.</subfield>
    </datafield>
    <datafield tag="336" ind1=" " ind2=" ">
      <subfield code="a">text</subfield>
      <subfield code="b">txt</subfield>
      <subfield code="1">http://rdaregistry.info/termList/RDAContentType/1020</subfield>
      <subfield code="2">rdacontent</subfield>
    </datafield>
    <datafield tag="337" ind1=" " ind2=" ">
      <subfield code="a">unmediated</subfield>
      <subfield code="b">n</subfield>
      <subfield code="1">http://rdaregistry.info/termList/RDAMediaType/1007</subfield>
      <subfield code="2">rdamedia</subfield>
    </datafield>
    <datafield tag="338" ind1="1" ind2="0">
      <subfield code="a">volume</subfield>
      <subfield code="b">nc</subfield>
      <subfield code="1">http://rdaregistry.info/termList/RDACarrierType/1049</subfield>
      <subfield code="2">rdacarrier</subfield>
    </datafield>
    <datafield tag="700" ind1="1" ind2=" ">
      <subfield code="a">Tonge, Colette</subfield>
      <subfield code="1">http://viaf.org/viaf/305442365</subfield>
      <subfield code="4">trl</subfield>
    </datafield>
    <datafield tag="852" ind1="0" ind2="0">
      <subfield code="9">1</subfield>
      <subfield code="a">CaOONL</subfield>
      <subfield code="c">Conserv autr edifice</subfield>
      <subfield code="h">PS8576 U57 </subfield>
      <subfield code="i">W4614</subfield>
    </datafield>
    <datafield tag="852" ind1="0" ind2="0">
      <subfield code="9">2</subfield>
      <subfield code="a">CaOONL</subfield>
      <subfield code="c">Mg. livres</subfield>
      <subfield code="h">PS8576 U57 </subfield>
      <subfield code="i">W4614</subfield>
      <subfield code="t">2e exemplaire</subfield>
    </datafield>
  </record>