
  <record>
    <leader>00680cam a2200169 a 4500</leader>
    <controlfield tag="001">000003701115</controlfield>
    <controlfield tag="008">830303t19831982enk           0001j eng d</controlfield>
    <datafield tag="020" ind1=" " ind2=" ">
      <subfield code="a">0140068414 :</subfield>
      <subfield code="c">$3.95</subfield>
    </datafield>
    <datafield tag="100" ind1="1" ind2="0">
      <subfield code="a">Munro, Alice,</subfield>
      <subfield code="d">1931-</subfield>
      <subfield code="1">http://viaf.org/viaf/68944521</subfield>
      <subfield code="4">aut</subfield>
    </datafield>
    <datafield tag="240" ind1="0" ind2="4">
      <subfield code="a">The moons of Jupiter  </subfield>
      <subfield code="1">http://viaf.org/viaf/30797542 </subfield>
    </datafield>
    <datafield tag="245" ind1="1" ind2="4">
      <subfield code="a">The moons of Jupiter :</subfield>
      <subfield code="b">stories /</subfield>
      <subfield code="c">by Alice Munro.</subfield>
    </datafield>
    <datafield tag="260" ind1="0" ind2=" ">
      <subfield code="a">Harmondsworth, Middlesex ;</subfield>
      <subfield code="a">Markham, Ont. :</subfield>
      <subfield code="b">Penguin Books,</subfield>
      <subfield code="c">1983, c1982.</subfield>
    </datafield>
    <datafield tag="300" ind1=" " ind2=" ">
      <subfield code="a">233 p. ;</subfield>
      <subfield code="c">18 cm.</subfield>
    </datafield>
    <datafield tag="336" ind1=" " ind2=" ">
      <subfield code="a">text</subfield>
      <subfield code="b">txt</subfield>
      <subfield code="1">http://rdaregistry.info/termList/RDAContentType/1020</subfield>
      <subfield code="2">rdacontent</subfield>
    </datafield>
    <datafield tag="337" ind1=" " ind2=" ">
      <subfield code="a">unmediated</subfield>
      <subfield code="b">n</subfield>
      <subfield code="1">http://rdaregistry.info/termList/RDAMediaType/1007</subfield>
      <subfield code="2">rdamedia</subfield>
    </datafield>
    <datafield tag="338" ind1="1" ind2="0">
      <subfield code="a">volume</subfield>
      <subfield code="b">nc</subfield>
      <subfield code="1">http://rdaregistry.info/termList/RDACarrierType/1049</subfield>
      <subfield code="2">rdacarrier</subfield>
    </datafield>
    <datafield tag="490" ind1="0" ind2=" ">
      <subfield code="a">A Penguin book</subfield>
    </datafield>
    <datafield tag="852" ind1="4" ind2="0">
      <subfield code="9">1</subfield>
      <subfield code="a">CaOONL</subfield>
      <subfield code="c">Preserv - off site</subfield>
      <subfield code="j">A-12560</subfield>
    </datafield>
    <datafield tag="852" ind1="0" ind2="0">
      <subfield code="9">2</subfield>
      <subfield code="a">CaOONL</subfield>
      <subfield code="c">NL Stacks</subfield>
      <subfield code="h">PS8576 U57 </subfield>
      <subfield code="i">M6 1983</subfield>
      <subfield code="t">Copy 2</subfield>
    </datafield>
    <datafield tag="852" ind1="0" ind2="0">
      <subfield code="9">3</subfield>
      <subfield code="a">CaOONL</subfield>
      <subfield code="c">NL Stacks</subfield>
      <subfield code="h">PS8576 U57 </subfield>
      <subfield code="i">M6 1983</subfield>
      <subfield code="t">Copy 3</subfield>
    </datafield>
    <datafield tag="852" ind1="0" ind2="0">
      <subfield code="9">4</subfield>
      <subfield code="a">CaOONL</subfield>
      <subfield code="c">NL Stacks</subfield>
      <subfield code="h">PS8576 U57 </subfield>
      <subfield code="i">M6 1983</subfield>
      <subfield code="t">Copy 4</subfield>
      <subfield code="z">NL copy: Detached cover.</subfield>
    </datafield>
  </record>