
  <record>
    <leader>01881nam a22002530  450 </leader>
    <controlfield tag="001">41085746</controlfield>
    <controlfield tag="005">20010128224732.0</controlfield>
    <controlfield tag="008">000000s1994    xxu           00| ubeng d</controlfield>
    <datafield tag="020" ind1=" " ind2=" ">
      <subfield code="a">0878056912 ((hardback))</subfield>
    </datafield>
    <datafield tag="020" ind1=" " ind2=" ">
      <subfield code="a">0878056920 ((paperback))</subfield>
    </datafield>
    <datafield tag="084" ind1=" " ind2=" ">
      <subfield code="a">99.4 Morrison, Toni</subfield>
      <subfield code="2">z</subfield>
    </datafield>
    <datafield tag="084" ind1=" " ind2=" ">
      <subfield code="a">81.38</subfield>
      <subfield code="2">z</subfield>
    </datafield>
    <datafield tag="245" ind1="0" ind2="0">
      <subfield code="a">Conversations with Toni Morrison /</subfield>
      <subfield code="c">edited by Danille Taylor-Guthrie.</subfield>
    </datafield>
    <datafield tag="260" ind1=" " ind2=" ">
      <subfield code="a">Jackson, Miss. :</subfield>
      <subfield code="b">University Press of Mississippi,</subfield>
      <subfield code="c">1994.</subfield>
    </datafield>
    <datafield tag="300" ind1=" " ind2=" ">
      <subfield code="a">xvii, 293 sider.</subfield>
    </datafield>
    <datafield tag="336" ind1=" " ind2=" ">
      <subfield code="a">text</subfield>
      <subfield code="b">txt</subfield>
      <subfield code="1">http://rdaregistry.info/termList/RDAContentType/1020</subfield>
      <subfield code="2">rdacontent</subfield>
    </datafield>
    <datafield tag="337" ind1=" " ind2=" ">
      <subfield code="a">unmediated</subfield>
      <subfield code="b">n</subfield>
      <subfield code="1">http://rdaregistry.info/termList/RDAMediaType/1007</subfield>
      <subfield code="2">rdamedia</subfield>
    </datafield>
    <datafield tag="338" ind1="1" ind2="0">
      <subfield code="a">volume</subfield>
      <subfield code="b">nc</subfield>
      <subfield code="1">http://rdaregistry.info/termList/RDACarrierType/1049</subfield>
      <subfield code="2">rdacarrier</subfield>
    </datafield>
    <datafield tag="440" ind1=" " ind2=" ">
      <subfield code="a">Literary conversations series</subfield>
    </datafield>
    <datafield tag="505" ind1="0" ind2=" ">
      <subfield code="a">Indhold: Chronology ; Conversation with Alice Childress and Toni Morrison -- Robert Stepto: Intimate things in place : a conversation with Toni Morrison -- Jane Bakerman: The seams can't show : an interview with Toni Morrison -- Mel Watkins: Talk with Toni Morrison -- Colette Dowling: The song of Toni Morrison -- Betty Jean Parker: Complexity : Toni Morrison's women -- Anne Koenen: The one out of sequence -- Kathy Neustadt: The visits of the writers Toni Morrison and Eudora Welty -- Charles Ruas: Toni Morrison -- Thomas LeClair: The language must not sweat : a conversation with Toni Morrison -- Judith Wilson: A conversation with Toni Morrison -- Nellie McKay: An interview with Toni Morrison -- Claudia Tate: Toni Morrison -- Bessie W. Jones: An interview with Toni Morrison / Bessie W. Jones and Audrey Vinson -- Gloria Naylor: A conversation : Gloria Naylor and Toni Morrison -- Margaret Croyden: Toni Morrison tries her hand at playwriting -- Christina Davis: An interview with Toni Morrisson -- Elsie B. Washington: Talk with Toni Morrison.</subfield>
    </datafield>
    <datafield tag="520" ind1="8" ind2=" ">
      <subfield code="a">Interviews med den amerikanske forfatterinde (f. 1931) om hendes liv og vrker.</subfield>
    </datafield>
    <datafield tag="600" ind1="1" ind2="4">
      <subfield code="a">Morrison, Toni.</subfield>
      <subfield code="1">http://viaf.org/viaf/109406177</subfield>
    </datafield>
    <datafield tag="653" ind1=" " ind2=" ">
      <subfield code="a">biografier.</subfield>
    </datafield>
    <datafield tag="653" ind1=" " ind2=" ">
      <subfield code="a">forfattere.</subfield>
    </datafield>
    <datafield tag="653" ind1=" " ind2=" ">
      <subfield code="a">amerikansk litteraturhistorie.</subfield>
    </datafield>
    <datafield tag="653" ind1=" " ind2=" ">
      <subfield code="a">1900-1999.</subfield>
    </datafield>
    <datafield tag="700" ind1="1" ind2=" ">
      <subfield code="a">Taylor-Guthrie, Danille.</subfield>
      <subfield code="1">http://viaf.org/viaf/113782451</subfield>
      <subfield code="4">edt</subfield>
    </datafield>
  </record>