
  <record>
    <leader>00594nam a22001691  450 </leader>
    <controlfield tag="001">009834272</controlfield>
    <controlfield tag="008">000000s1996    xxu           00| u eng d</controlfield>
    <datafield tag="020" ind1=" " ind2=" ">
      <subfield code="a">0195101405</subfield>
      <subfield code="c">gbp 13,99</subfield>
    </datafield>
    <datafield tag="020" ind1=" " ind2=" ">
      <subfield code="a">0195114094</subfield>
    </datafield>
    <datafield tag="020" ind1=" " ind2=" ">
      <subfield code="a">0195113454</subfield>
    </datafield>
    <datafield tag="020" ind1=" " ind2=" ">
      <subfield code="a">0195090888</subfield>
    </datafield>
    <datafield tag="100" ind1="1" ind2=" ">
      <subfield code="a">Twain, Mark,</subfield>
      <subfield code="d">1835-1910.</subfield>
      <subfield code="1">http://viaf.org/viaf/50566653</subfield>
    </datafield>
    <datafield tag="245" ind1="1" ind2="0">
      <subfield code="a">Adventures of Huckleberry Finn /</subfield>
      <subfield code="c">Mark Twain ; foreword Shelley Fisher Fishkin ; introduction Toni Morrison ; afterword Victor A. Doyno.</subfield>
    </datafield>
    <datafield tag="260" ind1=" " ind2=" ">
      <subfield code="a">New York :</subfield>
      <subfield code="b">Oxford University Press,</subfield>
      <subfield code="c">1996.</subfield>
    </datafield>
    <datafield tag="300" ind1=" " ind2=" ">
      <subfield code="a">lxi, 366, 49 s. :</subfield>
      <subfield code="b">ill.</subfield>
    </datafield>
    <datafield tag="336" ind1=" " ind2=" ">
      <subfield code="a">text</subfield>
      <subfield code="b">txt</subfield>
      <subfield code="1">http://rdaregistry.info/termList/RDAContentType/1020</subfield>
      <subfield code="2">rdacontent</subfield>
    </datafield>
    <datafield tag="337" ind1=" " ind2=" ">
      <subfield code="a">unmediated</subfield>
      <subfield code="b">n</subfield>
      <subfield code="1">http://rdaregistry.info/termList/RDAMediaType/1007</subfield>
      <subfield code="2">rdamedia</subfield>
    </datafield>
    <datafield tag="338" ind1="1" ind2="0">
      <subfield code="a">volume</subfield>
      <subfield code="b">nc</subfield>
      <subfield code="1">http://rdaregistry.info/termList/RDACarrierType/1049</subfield>
      <subfield code="2">rdacarrier</subfield>
    </datafield>
    <datafield tag="440" ind1=" " ind2=" ">
      <subfield code="a">The Oxford Mark Twain</subfield>
    </datafield>
    <datafield tag="700" ind1="1" ind2=" ">
      <subfield code="a">Fishkin, Shelley Fisher.</subfield>
      <subfield code="1">http://viaf.org/viaf/61565489 </subfield>
    </datafield>
  </record>