
  <record>
    <leader>00901nam a22002050  450 </leader>
    <controlfield tag="001">40163875</controlfield>
    <controlfield tag="005">20010128224732.0</controlfield>
    <controlfield tag="008">000000s1992    xxu           00| e eng d</controlfield>
    <datafield tag="020" ind1=" " ind2=" ">
      <subfield code="a">0674673778</subfield>
    </datafield>
    <datafield tag="084" ind1=" " ind2=" ">
      <subfield code="a">81.38</subfield>
      <subfield code="2">z</subfield>
    </datafield>
    <datafield tag="100" ind1="1" ind2=" ">
      <subfield code="a">Morrison, Toni.</subfield>
      <subfield code="1">http://viaf.org/viaf/109406177</subfield>
      <subfield code="4">aut</subfield>
    </datafield>
    <datafield tag="240" ind1="0" ind2="4">
      <subfield code="a"> Playing in the dark </subfield>
      <subfield code="1">http://viaf.org/viaf/312510756 </subfield>
    </datafield>
    <datafield tag="245" ind1="1" ind2="0">
      <subfield code="a">Playing in the dark :</subfield>
      <subfield code="b">whiteness and the literary imagination /</subfield>
      <subfield code="c">Toni Morrison.</subfield>
    </datafield>
    <datafield tag="260" ind1=" " ind2=" ">
      <subfield code="a">Cambridge, Massachusetts :</subfield>
      <subfield code="b">Harvard University Press,</subfield>
      <subfield code="c">1992.</subfield>
    </datafield>
    <datafield tag="300" ind1=" " ind2=" ">
      <subfield code="a">xiii, 91 sider.</subfield>
    </datafield>
    <datafield tag="336" ind1=" " ind2=" ">
      <subfield code="a">text</subfield>
      <subfield code="b">txt</subfield>
      <subfield code="1">http://rdaregistry.info/termList/RDAContentType/1020</subfield>
      <subfield code="2">rdacontent</subfield>
    </datafield>
    <datafield tag="337" ind1=" " ind2=" ">
      <subfield code="a">unmediated</subfield>
      <subfield code="b">n</subfield>
      <subfield code="1">http://rdaregistry.info/termList/RDAMediaType/1007</subfield>
      <subfield code="2">rdamedia</subfield>
    </datafield>
    <datafield tag="338" ind1="1" ind2="0">
      <subfield code="a">volume</subfield>
      <subfield code="b">nc</subfield>
      <subfield code="1">http://rdaregistry.info/termList/RDACarrierType/1049</subfield>
      <subfield code="2">rdacarrier</subfield>
    </datafield>
    <datafield tag="440" ind1=" " ind2=" ">
      <subfield code="a">The William E. Massey sr. lectures in the history of American civilization ;</subfield>
      <subfield code="v">1990</subfield>
    </datafield>
    <datafield tag="505" ind1="0" ind2=" ">
      <subfield code="a">Indhold: Black matters -- Romancing the shadow -- Disturbing nurses and the kindness of sharks.</subfield>
    </datafield>
    <datafield tag="520" ind1="8" ind2=" ">
      <subfield code="a">Essaysamling, som bygger p forelsninger, holdt p Harvarduniversitetet om betydningen af den afrikansk-amerikanske indflydelse p amerikansk litteratur.</subfield>
    </datafield>
    <datafield tag="653" ind1=" " ind2=" ">
      <subfield code="a">amerikansk litteratur.</subfield>
    </datafield>
    <datafield tag="653" ind1=" " ind2=" ">
      <subfield code="a">litteraturhistorie.</subfield>
    </datafield>
    <datafield tag="653" ind1=" " ind2=" ">
      <subfield code="a">Amerika.</subfield>
    </datafield>
  </record>