
  <record>
    <leader>00684nam a22001810  450 </leader>
    <controlfield tag="001">06160891</controlfield>
    <controlfield tag="005">20010128224732.0</controlfield>
    <controlfield tag="008">000000s1984    dk            00| f dan d</controlfield>
    <datafield tag="020" ind1=" " ind2=" ">
      <subfield code="a">8774741004 (hf.)</subfield>
      <subfield code="c">kr. 168.00</subfield>
    </datafield>
    <datafield tag="041" ind1="1" ind2=" ">
      <subfield code="a">dan</subfield>
      <subfield code="h">eng</subfield>
    </datafield>
    <datafield tag="084" ind1=" " ind2=" ">
      <subfield code="a">83:26</subfield>
      <subfield code="2">z</subfield>
    </datafield>
    <datafield tag="100" ind1="1" ind2=" ">
      <subfield code="a">Munro, Alice.</subfield>
      <subfield code="1">http://viaf.org/viaf/68944521</subfield>
      <subfield code="4">aut</subfield>
    </datafield>
    <datafield tag="240" ind1="1" ind2="0">
      <subfield code="a">Who do you think you are?.</subfield>
      <subfield code="1">http://viaf.org/viaf/185158619</subfield>
      <subfield code="1">eng</subfield>
    </datafield>
    <datafield tag="245" ind1="1" ind2="0">
      <subfield code="a">Hvem tror du egentlig, du er? :</subfield>
      <subfield code="b">fortllinger om Flo og Rose /</subfield>
      <subfield code="c">[af] Alice Munro ; oversat af Arne Herlv Petersen.</subfield>
      <subfield code="4">trl</subfield>
    </datafield>
    <datafield tag="260" ind1=" " ind2=" ">
      <subfield code="a">[Kbh.] :</subfield>
      <subfield code="b">Hekla,</subfield>
      <subfield code="c">1984.</subfield>
    </datafield>
    <datafield tag="300" ind1=" " ind2=" ">
      <subfield code="a">263 sider ;</subfield>
      <subfield code="c">22 cm.</subfield>
    </datafield>
    <datafield tag="336" ind1=" " ind2=" ">
      <subfield code="a">text</subfield>
      <subfield code="b">txt</subfield>
      <subfield code="1">http://rdaregistry.info/termList/RDAContentType/1020</subfield>
      <subfield code="2">rdacontent</subfield>
    </datafield>
    <datafield tag="337" ind1=" " ind2=" ">
      <subfield code="a">unmediated</subfield>
      <subfield code="b">n</subfield>
      <subfield code="1">http://rdaregistry.info/termList/RDAMediaType/1007</subfield>
      <subfield code="2">rdamedia</subfield>
    </datafield>
    <datafield tag="338" ind1="1" ind2="0">
      <subfield code="a">volume</subfield>
      <subfield code="b">nc</subfield>
      <subfield code="1">http://rdaregistry.info/termList/RDACarrierType/1049</subfield>
      <subfield code="2">rdacarrier</subfield>
    </datafield>
    <datafield tag="520" ind1="8" ind2=" ">
      <subfield code="a">Scener af en arbejderklassepiges liv og hendes forsg p at finde og acceptere sig selv i forskellige roller og miljer.</subfield>
    </datafield>
    <datafield tag="534" ind1=" " ind2=" ">
      <subfield code="a">Originaludgave 1978.</subfield>
    </datafield>
  </record>