
  <record>
    <leader>00999nam a22002050  450 </leader>
    <controlfield tag="001">07246013</controlfield>
    <controlfield tag="005">20100319202552.0</controlfield>
    <controlfield tag="008">000000s1991    dk            00| j dan d</controlfield>
    <datafield tag="020" ind1=" " ind2=" ">
      <subfield code="a">8774741748 (hf.)</subfield>
      <subfield code="c">kr. 198,00</subfield>
    </datafield>
    <datafield tag="041" ind1="1" ind2=" ">
      <subfield code="a">dan</subfield>
      <subfield code="h">eng</subfield>
    </datafield>
    <datafield tag="084" ind1=" " ind2=" ">
      <subfield code="a">83:26</subfield>
      <subfield code="2">z</subfield>
    </datafield>
    <datafield tag="100" ind1="1" ind2=" ">
      <subfield code="a">Munro, Alice.</subfield>
      <subfield code="1">http://viaf.org/viaf/68944521</subfield>
      <subfield code="4">aut</subfield>
    </datafield>
    <datafield tag="240" ind1="1" ind2="4">
      <subfield code="a">The progress of love.</subfield>
      <subfield code="1">http://viaf.org/viaf/183529107</subfield>
      <subfield code="1">eng</subfield>
    </datafield>
    <datafield tag="245" ind1="1" ind2="0">
      <subfield code="a">Forunderlig er krligheden /</subfield>
      <subfield code="c">Alice Munro ; oversat af Lisbeth Mller-Madsen.</subfield>
      <subfield code="4">trl</subfield>
    </datafield>
    <datafield tag="260" ind1=" " ind2=" ">
      <subfield code="a">[Kbh.] :</subfield>
      <subfield code="b">Hekla,</subfield>
      <subfield code="c">1991.</subfield>
    </datafield>
    <datafield tag="300" ind1=" " ind2=" ">
      <subfield code="a">245 sider.</subfield>
    </datafield>
    <datafield tag="336" ind1=" " ind2=" ">
      <subfield code="a">text</subfield>
      <subfield code="b">txt</subfield>
      <subfield code="1">http://rdaregistry.info/termList/RDAContentType/1020</subfield>
      <subfield code="2">rdacontent</subfield>
    </datafield>
    <datafield tag="337" ind1=" " ind2=" ">
      <subfield code="a">unmediated</subfield>
      <subfield code="b">n</subfield>
      <subfield code="1">http://rdaregistry.info/termList/RDAMediaType/1007</subfield>
      <subfield code="2">rdamedia</subfield>
    </datafield>
    <datafield tag="338" ind1="1" ind2="0">
      <subfield code="a">volume</subfield>
      <subfield code="b">nc</subfield>
      <subfield code="1">http://rdaregistry.info/termList/RDACarrierType/1049</subfield>
      <subfield code="2">rdacarrier</subfield>
    </datafield>
    <datafield tag="505" ind1="0" ind2=" ">
      <subfield code="a">Indhold: Forunderlig er krligheden -- Lav -- Monsieur les Deux Capeaux -- Miles City, Montana -- Rystelser -- Mnen over skjtehallen p Orange Street -- Jesse og Meribeth -- Eskimo -- Bedekredsen -- Hvid mdding.</subfield>
    </datafield>
    <datafield tag="520" ind1="8" ind2=" ">
      <subfield code="a">Noveller om krlighed mellem helt almindelige mennesker, sskende, forldre-brn, barndomsvenner og gtefller, der skildres p det tidspunkt i livet, hvor krligheden, og hvad den indebrer, str klarest for dem.</subfield>
    </datafield>
    <datafield tag="534" ind1=" " ind2=" ">
      <subfield code="a">Originaludgave: 1987.</subfield>
    </datafield>
    <datafield tag="650" ind1=" " ind2="4">
      <subfield code="a">krlighed.</subfield>
    </datafield>
  </record>