
  <record>
    <leader>00920nam a22002170  450 </leader>
    <controlfield tag="001">21282855</controlfield>
    <controlfield tag="005">20140306112249.0</controlfield>
    <controlfield tag="008">000000s1996    dk            00| j dan d</controlfield>
    <datafield tag="020" ind1=" " ind2=" ">
      <subfield code="a">8756812531 (hf.)</subfield>
      <subfield code="c">kr. 268,00</subfield>
    </datafield>
    <datafield tag="041" ind1="1" ind2=" ">
      <subfield code="a">dan</subfield>
      <subfield code="h">eng</subfield>
    </datafield>
    <datafield tag="084" ind1=" " ind2=" ">
      <subfield code="a">83:26</subfield>
      <subfield code="2">z</subfield>
    </datafield>
    <datafield tag="100" ind1="1" ind2=" ">
      <subfield code="a">Munro, Alice.</subfield>
      <subfield code="1">http://viaf.org/viaf/68944521</subfield>
      <subfield code="4">aut</subfield>
    </datafield>
    <datafield tag="240" ind1="1" ind2="0">
      <subfield code="a">Open secrets.</subfield>
      <subfield code="1">http://viaf.org/viaf/186773753</subfield>
      <subfield code="1">eng</subfield>
    </datafield>
    <datafield tag="245" ind1="1" ind2="0">
      <subfield code="a">Offentlige hemmeligheder :</subfield>
      <subfield code="b">noveller /</subfield>
      <subfield code="c">Alice Munro ; p dansk ved Lisbeth Mller-Madsen.</subfield>
      <subfield code="4">trl</subfield>
    </datafield>
    <datafield tag="260" ind1=" " ind2=" ">
      <subfield code="a">[Kbh.] :</subfield>
      <subfield code="b">Samleren,</subfield>
      <subfield code="c">1996.</subfield>
    </datafield>
    <datafield tag="300" ind1=" " ind2=" ">
      <subfield code="a">313 sider.</subfield>
    </datafield>
    <datafield tag="336" ind1=" " ind2=" ">
      <subfield code="a">text</subfield>
      <subfield code="b">txt</subfield>
      <subfield code="1">http://rdaregistry.info/termList/RDAContentType/1020</subfield>
      <subfield code="2">rdacontent</subfield>
    </datafield>
    <datafield tag="337" ind1=" " ind2=" ">
      <subfield code="a">unmediated</subfield>
      <subfield code="b">n</subfield>
      <subfield code="1">http://rdaregistry.info/termList/RDAMediaType/1007</subfield>
      <subfield code="2">rdamedia</subfield>
    </datafield>
    <datafield tag="338" ind1="1" ind2="0">
      <subfield code="a">volume</subfield>
      <subfield code="b">nc</subfield>
      <subfield code="1">http://rdaregistry.info/termList/RDACarrierType/1049</subfield>
      <subfield code="2">rdacarrier</subfield>
    </datafield>
    <datafield tag="505" ind1="0" ind2=" ">
      <subfield code="a">Indhold: Revet med -- Et rigtigt liv -- Den albanske jomfru -- Offentlige hemmeligheder -- Hotel Jack Randa -- En plads i vildmarken -- Rumskibe landede -- Vandalerne.</subfield>
    </datafield>
    <datafield tag="520" ind1="8" ind2=" ">
      <subfield code="a">Den canadiske provins er rammen om novellernes kvinder, der i deres stille hverdag har forventninger til livet og lykken, men ikke altid kan finde den, dr hvor de leder efter den.</subfield>
    </datafield>
    <datafield tag="650" ind1=" " ind2="4">
      <subfield code="a">kvinder.</subfield>
    </datafield>
    <datafield tag="650" ind1=" " ind2="4">
      <subfield code="a">provinsen.</subfield>
    </datafield>
    <datafield tag="650" ind1=" " ind2="4">
      <subfield code="a">Canada.</subfield>
    </datafield>
  </record>