
  <record>
    <leader>00451cam a22001574  450 </leader>
    <controlfield tag="001">1675785</controlfield>
    <controlfield tag="005">201609122304000000.0</controlfield>
    <controlfield tag="008">000000s1968    xx            00| u eng d</controlfield>
    <datafield tag="084" ind1=" " ind2=" ">
      <subfield code="a">813</subfield>
      <subfield code="2">z</subfield>
    </datafield>
    <datafield tag="084" ind1=" " ind2=" ">
      <subfield code="a">83</subfield>
      <subfield code="2">z</subfield>
    </datafield>
    <datafield tag="240" ind1="1" ind2="4">
      <subfield code="a">Dance of the happy shades.</subfield>
      <subfield code="1">http://viaf.org/viaf/308553438</subfield>
    </datafield>
    <datafield tag="245" ind1="0" ind2="0">
      <subfield code="a">Dance of the Happy Shades /</subfield>
      <subfield code="c">Stories by Alice Munro ; Foreword by Hugh Garner.</subfield>
    </datafield>
    <datafield tag="260" ind1=" " ind2=" ">
      <subfield code="a">(Toronto) :</subfield>
      <subfield code="b">Ryerson,</subfield>
      <subfield code="c">(1968).</subfield>
    </datafield>
    <datafield tag="300" ind1=" " ind2=" ">
      <subfield code="a">224 s.</subfield>
    </datafield>
    <datafield tag="336" ind1=" " ind2=" ">
      <subfield code="a">text</subfield>
      <subfield code="b">txt</subfield>
      <subfield code="1">http://rdaregistry.info/termList/RDAContentType/1020</subfield>
      <subfield code="2">rdacontent</subfield>
    </datafield>
    <datafield tag="337" ind1=" " ind2=" ">
      <subfield code="a">unmediated</subfield>
      <subfield code="b">n</subfield>
      <subfield code="1">http://rdaregistry.info/termList/RDAMediaType/1007</subfield>
      <subfield code="2">rdamedia</subfield>
    </datafield>
    <datafield tag="338" ind1="1" ind2="0">
      <subfield code="a">volume</subfield>
      <subfield code="b">nc</subfield>
      <subfield code="1">http://rdaregistry.info/termList/RDACarrierType/1049</subfield>
      <subfield code="2">rdacarrier</subfield>
    </datafield>
    <datafield tag="651" ind1=" " ind2="0">
      <subfield code="a">Canada</subfield>
      <subfield code="x">Social life and customs.</subfield>
    </datafield>
    <datafield tag="700" ind1="1" ind2=" ">
      <subfield code="a">Munro, Alice.</subfield>
      <subfield code="1">http://viaf.org/viaf/68944521</subfield>
      <subfield code="4">aut</subfield>
    </datafield>
    <datafield tag="700" ind1="1" ind2=" ">
      <subfield code="a">Garner, Hugh.</subfield>
      <subfield code="1">http://viaf.org/viaf/60322075</subfield>
    </datafield>
  </record>