
  <record>
    <leader>01162nam a2200349 c 4500</leader>
    <controlfield tag="001">a5814812</controlfield>
    <controlfield tag="003">SpMaBN</controlfield>
    <controlfield tag="005">20170207003830.3</controlfield>
    <controlfield tag="008">160615s2016    sp a   | |||| 000 f spa  </controlfield>
    <datafield tag="015" ind1=" " ind2=" ">
      <subfield code="a">MON1606</subfield>
    </datafield>
    <datafield tag="017" ind1=" " ind2=" ">
      <subfield code="a">B 3536-2016</subfield>
      <subfield code="b">Oficina Depsito Legal Barcelona</subfield>
    </datafield>
    <datafield tag="020" ind1=" " ind2=" ">
      <subfield code="a">978-84-264-0285-1</subfield>
    </datafield>
    <datafield tag="035" ind1=" " ind2=" ">
      <subfield code="a">(OCoLC)953001841</subfield>
    </datafield>
    <datafield tag="040" ind1=" " ind2=" ">
      <subfield code="a">SpMaBN</subfield>
      <subfield code="b">spa</subfield>
      <subfield code="c">SpMaBN</subfield>
      <subfield code="e">rdc</subfield>
    </datafield>
    <datafield tag="041" ind1="1" ind2=" ">
      <subfield code="a">spa</subfield>
      <subfield code="h">eng</subfield>
    </datafield>
    <datafield tag="080" ind1=" " ind2=" ">
      <subfield code="a">821.111(73)-31"19"</subfield>
    </datafield>
    <datafield tag="100" ind1="1" ind2=" ">
      <subfield code="a">Morrison, Toni</subfield>
      <subfield code="d">1931-</subfield>
      <subfield code="1">http://viaf.org/viaf/109406177</subfield>
      <subfield code="4">aut</subfield>
    </datafield>
    <datafield tag="240" ind1="1" ind2="0">
      <subfield code="a">God help the child</subfield>
      <subfield code="1">http://viaf.org/viaf/316872846</subfield>
      <subfield code="l">spa</subfield>
    </datafield>
    <datafield tag="245" ind1="1" ind2="3">
      <subfield code="a">La noche de los nios</subfield>
      <subfield code="c">Toni Morrison ; traduccin de Carlos Mayor ; [ilustraciones, scar Astromujoff]</subfield>
    </datafield>
    <datafield tag="250" ind1=" " ind2=" ">
      <subfield code="a">1 ed.</subfield>
    </datafield>
    <datafield tag="260" ind1=" " ind2=" ">
      <subfield code="a">[Barcelona]</subfield>
      <subfield code="b">Lumen</subfield>
      <subfield code="c">2016</subfield>
    </datafield>
    <datafield tag="300" ind1=" " ind2=" ">
      <subfield code="a">191 p.</subfield>
      <subfield code="b">il.</subfield>
      <subfield code="c">19 cm</subfield>
    </datafield>
    <datafield tag="336" ind1=" " ind2=" ">
      <subfield code="a">text</subfield>
      <subfield code="b">txt</subfield>
      <subfield code="1">http://rdaregistry.info/termList/RDAContentType/1020</subfield>
      <subfield code="2">rdacontent</subfield>
    </datafield>
    <datafield tag="337" ind1=" " ind2=" ">
      <subfield code="a">unmediated</subfield>
      <subfield code="b">n</subfield>
      <subfield code="1">http://rdaregistry.info/termList/RDAMediaType/1007</subfield>
      <subfield code="2">rdamedia</subfield>
    </datafield>
    <datafield tag="338" ind1="1" ind2="0">
      <subfield code="a">volume</subfield>
      <subfield code="b">nc</subfield>
      <subfield code="1">http://rdaregistry.info/termList/RDACarrierType/1049</subfield>
      <subfield code="2">rdacarrier</subfield>
    </datafield>
    <datafield tag="490" ind1="0" ind2=" ">
      <subfield code="a">Lumen narrativa</subfield>
    </datafield>
    <datafield tag="594" ind1=" " ind2=" ">
      <subfield code="a">Ttulo original: God help the child</subfield>
    </datafield>
    <datafield tag="700" ind1="1" ind2=" ">
      <subfield code="a">Mayor, Carlos</subfield>
      <subfield code="e">traductor</subfield>
      <subfield code="1">http://viaf.org/viaf/87848895</subfield>
      <subfield code="4">trl</subfield>
    </datafield>
    <datafield tag="700" ind1="1" ind2=" ">
      <subfield code="a">Astromujoff, scar</subfield>
      <subfield code="d">1950-</subfield>
      <subfield code="e">ilustrador</subfield>
      <subfield code="1">http://viaf.org/viaf/19451784</subfield>
      <subfield code="4">ill</subfield>
    </datafield>
  </record>