
  <record>
    <leader>00928cam a2200289 i 4500</leader>
    <controlfield tag="001">a4815232</controlfield>
    <controlfield tag="003">SpMaBN</controlfield>
    <controlfield tag="005">20100917173747.6</controlfield>
    <controlfield tag="008">100830s2010    sp     | |||| 000 f spa  </controlfield>
    <datafield tag="015" ind1=" " ind2=" ">
      <subfield code="a">MON1009</subfield>
    </datafield>
    <datafield tag="017" ind1=" " ind2=" ">
      <subfield code="a">B 23774-2010</subfield>
      <subfield code="b">Oficina Depsito Legal Barcelona</subfield>
    </datafield>
    <datafield tag="035" ind1=" " ind2=" ">
      <subfield code="a">(OCoLC)868811160</subfield>
    </datafield>
    <datafield tag="040" ind1=" " ind2=" ">
      <subfield code="a">SpMaBN</subfield>
      <subfield code="b">spa</subfield>
      <subfield code="c">SpMaBN</subfield>
      <subfield code="e">rdc</subfield>
    </datafield>
    <datafield tag="041" ind1="1" ind2=" ">
      <subfield code="a">spa</subfield>
      <subfield code="h">eng</subfield>
    </datafield>
    <datafield tag="080" ind1=" " ind2=" ">
      <subfield code="a">821.111(73)-31"19"</subfield>
    </datafield>
    <datafield tag="100" ind1="1" ind2=" ">
      <subfield code="a">Morrison, Toni</subfield>
      <subfield code="d">1931-</subfield>
      <subfield code="1">http://viaf.org/viaf/109406177</subfield>
      <subfield code="4">aut</subfield>
    </datafield>
    <datafield tag="240" ind1="1" ind2="0">
      <subfield code="a">Sula</subfield>
      <subfield code="1">http://viaf.org/viaf/191523526</subfield>
      <subfield code="l">spa</subfield>
    </datafield>
    <datafield tag="245" ind1="1" ind2="0">
      <subfield code="a">Sula</subfield>
      <subfield code="h">[Texto impreso]</subfield>
      <subfield code="c">Toni Morrison ; traduccin de Mireia Bofill</subfield>
    </datafield>
    <datafield tag="260" ind1=" " ind2=" ">
      <subfield code="a">Barcelona</subfield>
      <subfield code="b">Random House Mondadori</subfield>
      <subfield code="c">imp. 2010</subfield>
    </datafield>
    <datafield tag="300" ind1=" " ind2=" ">
      <subfield code="a">215 p.</subfield>
      <subfield code="c">19 cm</subfield>
    </datafield>
    <datafield tag="336" ind1=" " ind2=" ">
      <subfield code="a">text</subfield>
      <subfield code="b">txt</subfield>
      <subfield code="1">http://rdaregistry.info/termList/RDAContentType/1020</subfield>
      <subfield code="2">rdacontent</subfield>
    </datafield>
    <datafield tag="337" ind1=" " ind2=" ">
      <subfield code="a">unmediated</subfield>
      <subfield code="b">n</subfield>
      <subfield code="1">http://rdaregistry.info/termList/RDAMediaType/1007</subfield>
      <subfield code="2">rdamedia</subfield>
    </datafield>
    <datafield tag="338" ind1="1" ind2="0">
      <subfield code="a">volume</subfield>
      <subfield code="b">nc</subfield>
      <subfield code="1">http://rdaregistry.info/termList/RDACarrierType/1049</subfield>
      <subfield code="2">rdacarrier</subfield>
    </datafield>
    <datafield tag="500" ind1=" " ind2=" ">
      <subfield code="a">"Alsa Supra"--Cubierta</subfield>
    </datafield>
    <datafield tag="594" ind1=" " ind2=" ">
      <subfield code="a">Ttulo original: Sula</subfield>
    </datafield>
  </record>