
  <record>
    <leader>01079cam a2200313 i 4500</leader>
    <controlfield tag="001">a4752256</controlfield>
    <controlfield tag="003">SpMaBN</controlfield>
    <controlfield tag="005">20131121004002.5</controlfield>
    <controlfield tag="008">100517s2010    sp     | |||| 000 0 eng  </controlfield>
    <datafield tag="015" ind1=" " ind2=" ">
      <subfield code="a">MON1006</subfield>
    </datafield>
    <datafield tag="017" ind1=" " ind2=" ">
      <subfield code="a">B 12123-2010</subfield>
      <subfield code="b">Oficina Depsito Legal Barcelona</subfield>
    </datafield>
    <datafield tag="020" ind1=" " ind2=" ">
      <subfield code="a">978-84-8443-680-5</subfield>
    </datafield>
    <datafield tag="035" ind1=" " ind2=" ">
      <subfield code="a">(OCoLC)870106754</subfield>
    </datafield>
    <datafield tag="040" ind1=" " ind2=" ">
      <subfield code="a">SpMaBN</subfield>
      <subfield code="b">spa</subfield>
      <subfield code="c">SpMaBN</subfield>
      <subfield code="e">rdc</subfield>
    </datafield>
    <datafield tag="080" ind1=" " ind2=" ">
      <subfield code="a">811.111(076)</subfield>
    </datafield>
    <datafield tag="100" ind1="1" ind2=" ">
      <subfield code="a">Morrison, Toni</subfield>
      <subfield code="d">1931-</subfield>
      <subfield code="1">http://viaf.org/viaf/109406177</subfield>
    </datafield>
    <datafield tag="240" ind1="1" ind2="0">
      <subfield code="a">To room nineteen</subfield>
      <subfield code="1">http://viaf.org/viaf/1423145424570586830706</subfield>
    </datafield>
    <datafield tag="245" ind1="1" ind2="0">
      <subfield code="a">Recitatif</subfield>
      <subfield code="h">[Texto impreso]</subfield>
      <subfield code="c">Toni Morrison. To room nineteen / Doris Lessing </subfield>
    </datafield>
    <datafield tag="260" ind1=" " ind2=" ">
      <subfield code="a">[Barcelona]</subfield>
      <subfield code="b">Difusin, Centro de Investigacin y Publicaciones de Idiomas</subfield>
      <subfield code="c">D.L. 2010</subfield>
    </datafield>
    <datafield tag="300" ind1=" " ind2=" ">
      <subfield code="a">110 p.</subfield>
      <subfield code="c">20 cm</subfield>
      <subfield code="e">1 CD-DA</subfield>
    </datafield>
    <datafield tag="336" ind1=" " ind2=" ">
      <subfield code="a">text</subfield>
      <subfield code="b">txt</subfield>
      <subfield code="1">http://rdaregistry.info/termList/RDAContentType/1020</subfield>
      <subfield code="2">rdacontent</subfield>
    </datafield>
    <datafield tag="337" ind1=" " ind2=" ">
      <subfield code="a">unmediated</subfield>
      <subfield code="b">n</subfield>
      <subfield code="1">http://rdaregistry.info/termList/RDAMediaType/1007</subfield>
      <subfield code="2">rdamedia</subfield>
    </datafield>
    <datafield tag="338" ind1="1" ind2="0">
      <subfield code="a">volume</subfield>
      <subfield code="b">nc</subfield>
      <subfield code="1">http://rdaregistry.info/termList/RDACarrierType/1049</subfield>
      <subfield code="2">rdacarrier</subfield>
    </datafield>
    <datafield tag="490" ind1="0" ind2=" ">
      <subfield code="a">Read &amp; listen</subfield>
    </datafield>
    <datafield tag="500" ind1=" " ind2=" ">
      <subfield code="a">"Idiomas Pons"--Cubierta</subfield>
    </datafield>
    <datafield tag="650" ind1=" " ind2="7">
      <subfield code="a">Lengua inglesa</subfield>
      <subfield code="v">Lecturas</subfield>
      <subfield code="2">embne</subfield>
    </datafield>
    <datafield tag="700" ind1="1" ind2="2">
      <subfield code="a">Lessing, Doris May</subfield>
      <subfield code="d">1919-2013</subfield>
      <subfield code="1">http://viaf.org/viaf/44301766</subfield>
    </datafield>
    <datafield tag="740" ind1="0" ind2="2">
      <subfield code="a">To room nineteen</subfield>
    </datafield>
  </record>