
  <record>
    <leader>00973cam a2200301   4500</leader>
    <controlfield tag="001">a4519652</controlfield>
    <controlfield tag="003">SpMaBN</controlfield>
    <controlfield tag="005">20140903142254.4</controlfield>
    <controlfield tag="008">090506s2009    sp     | |||| 000 f cat  </controlfield>
    <datafield tag="015" ind1=" " ind2=" ">
      <subfield code="a">MON0907</subfield>
    </datafield>
    <datafield tag="017" ind1=" " ind2=" ">
      <subfield code="a">B 13010-2009</subfield>
      <subfield code="b">Oficina Depsito Legal Barcelona</subfield>
    </datafield>
    <datafield tag="020" ind1=" " ind2=" ">
      <subfield code="a">978-84-936879-5-3</subfield>
    </datafield>
    <datafield tag="035" ind1=" " ind2=" ">
      <subfield code="a">(OCoLC)733838096</subfield>
    </datafield>
    <datafield tag="040" ind1=" " ind2=" ">
      <subfield code="a">SpMaBN</subfield>
      <subfield code="b">spa</subfield>
      <subfield code="c">SpMaBN</subfield>
      <subfield code="e">rdc</subfield>
    </datafield>
    <datafield tag="041" ind1="1" ind2=" ">
      <subfield code="a">cat</subfield>
      <subfield code="h">eng</subfield>
    </datafield>
    <datafield tag="080" ind1=" " ind2=" ">
      <subfield code="a">821.111(73)-31"19"</subfield>
    </datafield>
    <datafield tag="100" ind1="1" ind2=" ">
      <subfield code="a">Morrison, Toni</subfield>
      <subfield code="d">1931-</subfield>
      <subfield code="1">http://viaf.org/viaf/109406177</subfield>
      <subfield code="4">aut</subfield>
    </datafield>
    <datafield tag="240" ind1="1" ind2="2">
      <subfield code="a">A mercy</subfield>
      <subfield code="1">http://viaf.org/viaf/245474949</subfield>
      <subfield code="l">Cat</subfield>
    </datafield>
    <datafield tag="245" ind1="1" ind2="4">
      <subfield code="a">Una benedicci</subfield>
      <subfield code="h">[Texto impreso]</subfield>
      <subfield code="c">Toni Morrison ; traducci de Ferran Rfols Gesa i Ernest Riera</subfield>
    </datafield>
    <datafield tag="250" ind1=" " ind2=" ">
      <subfield code="a">1 ed.</subfield>
    </datafield>
    <datafield tag="260" ind1=" " ind2=" ">
      <subfield code="a">[Badalona]</subfield>
      <subfield code="b">Amsterdam Llibres</subfield>
      <subfield code="c">2009</subfield>
    </datafield>
    <datafield tag="300" ind1=" " ind2=" ">
      <subfield code="a">204 p.</subfield>
      <subfield code="c">24 cm</subfield>
    </datafield>
    <datafield tag="336" ind1=" " ind2=" ">
      <subfield code="a">text</subfield>
      <subfield code="b">txt</subfield>
      <subfield code="1">http://rdaregistry.info/termList/RDAContentType/1020</subfield>
      <subfield code="2">rdacontent</subfield>
    </datafield>
    <datafield tag="337" ind1=" " ind2=" ">
      <subfield code="a">unmediated</subfield>
      <subfield code="b">n</subfield>
      <subfield code="1">http://rdaregistry.info/termList/RDAMediaType/1007</subfield>
      <subfield code="2">rdamedia</subfield>
    </datafield>
    <datafield tag="338" ind1="1" ind2="0">
      <subfield code="a">volume</subfield>
      <subfield code="b">nc</subfield>
      <subfield code="1">http://rdaregistry.info/termList/RDACarrierType/1049</subfield>
      <subfield code="2">rdacarrier</subfield>
    </datafield>
    <datafield tag="594" ind1=" " ind2=" ">
      <subfield code="a">Traduccin de: A mercy</subfield>
    </datafield>
  </record>