
  <record>
    <leader>05647ngm a2200901 c 4500</leader>
    <controlfield tag="001">a5902444</controlfield>
    <controlfield tag="003">SpMaBN</controlfield>
    <controlfield tag="005">20180612004036.3</controlfield>
    <controlfield tag="007">vd*cvaizq</controlfield>
    <controlfield tag="007">vd*csaizq</controlfield>
    <controlfield tag="008">170309s2016    sp 098 g          v spa  </controlfield>
    <datafield tag="015" ind1=" " ind2=" ">
      <subfield code="a">VD16</subfield>
    </datafield>
    <datafield tag="017" ind1=" " ind2=" ">
      <subfield code="a">B 15121-2016</subfield>
      <subfield code="b">Oficina Depsito Legal Barcelona</subfield>
    </datafield>
    <datafield tag="024" ind1="3" ind2=" ">
      <subfield code="a">8436564160645</subfield>
    </datafield>
    <datafield tag="028" ind1="4" ind2="0">
      <subfield code="a">2038</subfield>
      <subfield code="b">Cameo</subfield>
    </datafield>
    <datafield tag="035" ind1=" " ind2=" ">
      <subfield code="a">(OCoLC)982082082</subfield>
    </datafield>
    <datafield tag="040" ind1=" " ind2=" ">
      <subfield code="a">SpMaBN</subfield>
      <subfield code="b">spa</subfield>
      <subfield code="c">SpMaBN</subfield>
      <subfield code="e">rdc</subfield>
    </datafield>
    <datafield tag="041" ind1="0" ind2=" ">
      <subfield code="a">spa</subfield>
      <subfield code="j">spa</subfield>
      <subfield code="h">spa</subfield>
    </datafield>
    <datafield tag="084" ind1=" " ind2=" ">
      <subfield code="a">1</subfield>
      <subfield code="2">VD</subfield>
    </datafield>
    <datafield tag="245" ind1="0" ind2="0">
      <subfield code="a">Julieta</subfield>
      <subfield code="c">direccin y guion, Pedro Almodvar ; produccin, Agustn Almodvar y Esther Garca ; direccin de fotografa, Jean Claude Larrieu ; msica, Alberto Iglesias</subfield>
    </datafield>
    <datafield tag="250" ind1=" " ind2=" ">
      <subfield code="a">Ed. coleccionista</subfield>
    </datafield>
    <datafield tag="260" ind1=" " ind2=" ">
      <subfield code="a">Barcelona</subfield>
      <subfield code="b">Cameo</subfield>
      <subfield code="b">El Deseo</subfield>
      <subfield code="c">D.L. 2016</subfield>
    </datafield>
    <datafield tag="300" ind1=" " ind2=" ">
      <subfield code="a">1 DVD-Vdeo (ca. 98 min)</subfield>
      <subfield code="b">son., col.</subfield>
      <subfield code="e">1 folleto (32 p.) + 5 postales</subfield>
    </datafield>
    <datafield tag="300" ind1=" " ind2=" ">
      <subfield code="a">1 Blu-ray (ca. 98 min)</subfield>
      <subfield code="b">son., col.</subfield>
    </datafield>
    <datafield tag="336" ind1=" " ind2=" ">
      <subfield code="a">three dimensional moving image</subfield>
      <subfield code="b">tdm</subfield>
      <subfield code="1">http://rdaregistry.info/termList/RDAContentType/1023</subfield>
      <subfield code="2">rdacontent</subfield>
    </datafield>
    <datafield tag="337" ind1=" " ind2=" ">
      <subfield code="a">video</subfield>
      <subfield code="b">v</subfield>
      <subfield code="1">http://rdaregistry.info/termList/RDAMediaType/1008</subfield>
      <subfield code="2">rdamedia</subfield>
    </datafield>
    <datafield tag="338" ind1="1" ind2="0">
      <subfield code="a">video disc</subfield>
      <subfield code="b">vd</subfield>
      <subfield code="1">http://rdaregistry.info/termList/RDACarrierType/1060</subfield>
      <subfield code="2">rdacarrier</subfield>
    </datafield>
    <datafield tag="500" ind1=" " ind2=" ">
      <subfield code="a">Basado en los relatos de Alice Munro</subfield>
    </datafield>
    <datafield tag="500" ind1=" " ind2=" ">
      <subfield code="a">Incluye un folleto de 32 p. con fotografas del rodaje, de posados y del Festival de Cannes, y 5 postales con imgenes de la pelcula</subfield>
    </datafield>
    <datafield tag="500" ind1=" " ind2=" ">
      <subfield code="a">Incluye extras (ca. 10 min): Trileres, Spots, Making of, Carteles, Fotografas de Nico Bustos y del Backstage, Ficha artstica y Ficha tcnica</subfield>
    </datafield>
    <datafield tag="500" ind1=" " ind2=" ">
      <subfield code="a">DVD y Blu-Ray incluyen la misma pelcula</subfield>
    </datafield>
    <datafield tag="508" ind1=" " ind2=" ">
      <subfield code="a">Montaje, Jos Salcedo</subfield>
    </datafield>
    <datafield tag="511" ind1="1" ind2=" ">
      <subfield code="a">Emma Surez (Julieta), Adriana Ugarte (Julieta joven), Daniel Grao (Xoan), Inma Cuesta (Ava), Daro Grandinetti (Lorenzo), Michelle Jenner (Beatriz), Pilar Castro (Claudia, madre de Beatriz), Nathalie Poza (Juana), Susi Snchez (Sara, madre de Julieta), Joaqun Notario (Samuel, padre de Julieta), Priscilla Delgado (Anta, adolescente), Blanca Pars (Anta), Rossy de Palma (Marian), Bimba Bos (amiga de Bea)</subfield>
    </datafield>
    <datafield tag="518" ind1=" " ind2=" ">
      <subfield code="a">Largometraje producido en Espaa en 2016</subfield>
    </datafield>
    <datafield tag="520" ind1="3" ind2=" ">
      <subfield code="a">Julieta vive en Madrid con su hija Anta. Las dos sufren en silencio la prdida de Xoan, padre de Anta y marido de Julieta. Pero el dolor a veces no une a las personas sino que las separa. Cuando Anta cumple dieciocho aos abandona a su madre, sin una palabra de explicacin. Julieta la busca por todos los medios, pero lo nico que descubre es lo poco que sabe de su hija</subfield>
    </datafield>
    <datafield tag="521" ind1=" " ind2=" ">
      <subfield code="a">No recomendada para menores de 12 aos</subfield>
    </datafield>
    <datafield tag="546" ind1=" " ind2=" ">
      <subfield code="a">Versin original en castellano, con audiodescripcin en castellano para personas con discapacidad visual y con subttulos opcionales en castellano para personas con discapacidad auditiva</subfield>
    </datafield>
    <datafield tag="586" ind1=" " ind2=" ">
      <subfield code="a">Recibi una Medalla CEC del Crculo de Escritores Cinematogrficos a Mejor Actriz para Emma Surez (2017), un Premio Goya a Mejor Actriz Protagonista para Emma Surez (2017), un Premio ICS de International Cinephile Society Awards al Mejor Director para Pedro Almodvar (2016), un Premio Jos Mara Forqu a la Mejor Actriz para Emma Surez (2017), un Premio NBR de National Board of Review en el Top 5 de Pelculas de Lengua Extranjera (2016), un premio en el San Diego Film Festival a la Mejor Pelcula Internacional (2016), y un Premio Sant Jordi a Mejor Actriz en Pelcula Espaola para Emma Surez (2017)</subfield>
    </datafield>
    <datafield tag="597" ind1=" " ind2=" ">
      <subfield code="a">Formato de pelcula 1.85:1</subfield>
    </datafield>
    <datafield tag="597" ind1=" " ind2=" ">
      <subfield code="a">Formato de pantalla 16:9</subfield>
    </datafield>
    <datafield tag="597" ind1=" " ind2=" ">
      <subfield code="a">Formato de sonido Dolby Digital 5.1 (DVD) y DTS-HD Master Audio (Blu-ray)</subfield>
    </datafield>
    <datafield tag="597" ind1=" " ind2=" ">
      <subfield code="a">Sistema de grabacin del color PAL</subfield>
    </datafield>
    <datafield tag="597" ind1=" " ind2=" ">
      <subfield code="a">Resolucin de imagen 1080 24px Alta Definicin (Blu-ray)</subfield>
    </datafield>
    <datafield tag="655" ind1=" " ind2="7">
      <subfield code="a">Dramas romnticos cinematogrficos</subfield>
      <subfield code="2">tgfbne</subfield>
    </datafield>
    <datafield tag="655" ind1=" " ind2="7">
      <subfield code="a">Dramas cinematogrficos</subfield>
      <subfield code="2">tgfbne</subfield>
    </datafield>
    <datafield tag="700" ind1="1" ind2=" ">
      <subfield code="a">Almodvar, Pedro</subfield>
      <subfield code="d">1949-</subfield>
      <subfield code="e">director de cine</subfield>
      <subfield code="e">guionista</subfield>
      <subfield code="4">fmd </subfield>
      <subfield code="4">aus</subfield>
    </datafield>
    <datafield tag="700" ind1="1" ind2=" ">
      <subfield code="a">Almodvar, Agustn</subfield>
      <subfield code="d">1955-</subfield>
      <subfield code="e">productor</subfield>
      <subfield code="4">pro</subfield>
    </datafield>
    <datafield tag="700" ind1="1" ind2=" ">
      <subfield code="a">Garca, Esther</subfield>
      <subfield code="d">1956-</subfield>
      <subfield code="e">productor</subfield>
      <subfield code="4">pro</subfield>
    </datafield>
    <datafield tag="700" ind1="1" ind2=" ">
      <subfield code="a">Larrieu, Jean-Claude</subfield>
      <subfield code="d">1943-</subfield>
      <subfield code="e">director de fotografa</subfield>
      <subfield code="4">cng</subfield>
    </datafield>
    <datafield tag="700" ind1="1" ind2=" ">
      <subfield code="a">Iglesias, Alberto</subfield>
      <subfield code="d">1934-</subfield>
      <subfield code="e">compositor</subfield>
      <subfield code="4">cmp</subfield>
    </datafield>
    <datafield tag="700" ind1="1" ind2=" ">
      <subfield code="a">Munro, Alice</subfield>
      <subfield code="d">1931-</subfield>
      <subfield code="e">idea original</subfield>
      <subfield code="i">http://metadataregistry.org/schemaprop/show/id/24036.html</subfield>
      <subfield code="t">Runaway</subfield>
      <subfield code="1">http://viaf.org/viaf/7391151474919300490007</subfield>
    </datafield>
    <datafield tag="700" ind1="1" ind2=" ">
      <subfield code="a">Salcedo, Jos</subfield>
      <subfield code="d">1949-2017</subfield>
      <subfield code="e">montador</subfield>
      <subfield code="4">flm</subfield>
    </datafield>
    <datafield tag="700" ind1="1" ind2=" ">
      <subfield code="a">Surez, Emma</subfield>
      <subfield code="d">1964-</subfield>
      <subfield code="e">actor</subfield>
      <subfield code="4">act</subfield>
    </datafield>
    <datafield tag="700" ind1="1" ind2=" ">
      <subfield code="a">Ugarte, Adriana</subfield>
      <subfield code="d">1985-</subfield>
      <subfield code="e">actor</subfield>
      <subfield code="4">act</subfield>
    </datafield>
    <datafield tag="700" ind1="1" ind2=" ">
      <subfield code="a">Grao, Daniel</subfield>
      <subfield code="d">1976-</subfield>
      <subfield code="e">actor</subfield>
      <subfield code="4">act</subfield>
    </datafield>
    <datafield tag="700" ind1="1" ind2=" ">
      <subfield code="a">Cuesta, Inma</subfield>
      <subfield code="d">1980-</subfield>
      <subfield code="e">actor</subfield>
      <subfield code="4">act</subfield>
    </datafield>
    <datafield tag="700" ind1="1" ind2=" ">
      <subfield code="a">Grandinetti, Daro</subfield>
      <subfield code="d">1959-</subfield>
      <subfield code="e">actor</subfield>
      <subfield code="4">act</subfield>
    </datafield>
    <datafield tag="700" ind1="1" ind2=" ">
      <subfield code="a">Jenner, Michelle</subfield>
      <subfield code="d">1986-</subfield>
      <subfield code="e">actor</subfield>
      <subfield code="4">act</subfield>
    </datafield>
    <datafield tag="700" ind1="1" ind2=" ">
      <subfield code="a">Castro, Pilar</subfield>
      <subfield code="d">1970-</subfield>
      <subfield code="e">actor</subfield>
      <subfield code="4">act</subfield>
    </datafield>
    <datafield tag="700" ind1="1" ind2=" ">
      <subfield code="a">Poza, Nathalie</subfield>
      <subfield code="d">1972-</subfield>
      <subfield code="e">actor</subfield>
      <subfield code="4">act</subfield>
    </datafield>
    <datafield tag="700" ind1="1" ind2=" ">
      <subfield code="a">Snchez, Susi</subfield>
      <subfield code="d">1955-</subfield>
      <subfield code="e">actor</subfield>
      <subfield code="4">act</subfield>
    </datafield>
    <datafield tag="700" ind1="1" ind2=" ">
      <subfield code="a">Notario, Joaqun</subfield>
      <subfield code="e">actor</subfield>
      <subfield code="4">act</subfield>
    </datafield>
    <datafield tag="700" ind1="1" ind2=" ">
      <subfield code="a">Delgado, Priscilla</subfield>
      <subfield code="d">2002-</subfield>
      <subfield code="e">actor</subfield>
      <subfield code="4">act</subfield>
    </datafield>
    <datafield tag="700" ind1="1" ind2=" ">
      <subfield code="a">Pars, Blanca</subfield>
      <subfield code="d">1991-</subfield>
      <subfield code="e">actor</subfield>
      <subfield code="4">act</subfield>
    </datafield>
    <datafield tag="700" ind1="1" ind2=" ">
      <subfield code="a">Palma, Rossy de</subfield>
      <subfield code="d">1964-</subfield>
      <subfield code="e">actor</subfield>
      <subfield code="4">act</subfield>
    </datafield>
    <datafield tag="700" ind1="1" ind2=" ">
      <subfield code="a">Bos, Bimba</subfield>
      <subfield code="d">1975-2017</subfield>
      <subfield code="e">actor</subfield>
      <subfield code="4">act</subfield>
    </datafield>
    <datafield tag="711" ind1="2" ind2=" ">
      <subfield code="a">Medallas CEC</subfield>
      <subfield code="n">73</subfield>
      <subfield code="d">2017</subfield>
      <subfield code="c">Madrid</subfield>
    </datafield>
    <datafield tag="711" ind1="2" ind2=" ">
      <subfield code="a">Premios Goya</subfield>
      <subfield code="n">31</subfield>
      <subfield code="d">2017</subfield>
      <subfield code="c">Madrid</subfield>
    </datafield>
    <datafield tag="711" ind1="2" ind2=" ">
      <subfield code="a">International Cinephile Society Awards</subfield>
      <subfield code="d">2016</subfield>
    </datafield>
    <datafield tag="711" ind1="2" ind2=" ">
      <subfield code="a">Premio Cinematogrfico Jos Mara Forqu</subfield>
      <subfield code="n">22</subfield>
      <subfield code="d">2017</subfield>
      <subfield code="c">Madrid</subfield>
    </datafield>
    <datafield tag="711" ind1="2" ind2=" ">
      <subfield code="a">NBR Award</subfield>
      <subfield code="n">86</subfield>
      <subfield code="d">2016</subfield>
      <subfield code="c">Nueva York</subfield>
    </datafield>
    <datafield tag="711" ind1="2" ind2=" ">
      <subfield code="a">San Diego Film Festival</subfield>
      <subfield code="d">2016</subfield>
    </datafield>
    <datafield tag="711" ind1="2" ind2=" ">
      <subfield code="a">Premios Sant Jordi</subfield>
      <subfield code="n">61</subfield>
      <subfield code="c">2017</subfield>
      <subfield code="d">Barcelona</subfield>
    </datafield>
    <datafield tag="856" ind1="4" ind2="2">
      <subfield code="u">http://julieta-lapelicula.com/</subfield>
      <subfield code="y">Web de la pelcula</subfield>
    </datafield>
  </record>