
  <record>
    <leader>02552nom a2200553 c 4500</leader>
    <controlfield tag="001">a5629117</controlfield>
    <controlfield tag="003">SpMaBN</controlfield>
    <controlfield tag="005">20160603004023.6</controlfield>
    <controlfield tag="007">ou</controlfield>
    <controlfield tag="008">150401s2014    sp     gr     00    eng  </controlfield>
    <datafield tag="015" ind1=" " ind2=" ">
      <subfield code="a">VDV15</subfield>
    </datafield>
    <datafield tag="017" ind1=" " ind2=" ">
      <subfield code="a">B 11648-2014 (kit)</subfield>
      <subfield code="b">Oficina Depsito Legal Barcelona</subfield>
    </datafield>
    <datafield tag="017" ind1=" " ind2=" ">
      <subfield code="a">B 23827-2011 (v.1)</subfield>
      <subfield code="b">Oficina Depsito Legal Barcelona</subfield>
    </datafield>
    <datafield tag="017" ind1=" " ind2=" ">
      <subfield code="a">B 23826-2011 (v.2)</subfield>
      <subfield code="b">Oficina Depsito Legal Barcelona</subfield>
    </datafield>
    <datafield tag="020" ind1=" " ind2=" ">
      <subfield code="a">978-84-16057-59-7</subfield>
      <subfield code="q">kit</subfield>
    </datafield>
    <datafield tag="020" ind1=" " ind2=" ">
      <subfield code="a">978-84-8443-681-2</subfield>
      <subfield code="q">v.1</subfield>
    </datafield>
    <datafield tag="020" ind1=" " ind2=" ">
      <subfield code="a">978-84-8443-679-9</subfield>
      <subfield code="q">v.2</subfield>
    </datafield>
    <datafield tag="040" ind1=" " ind2=" ">
      <subfield code="a">SpMaBN</subfield>
      <subfield code="b">spa</subfield>
      <subfield code="c">SpMaBN</subfield>
      <subfield code="e">rdc</subfield>
    </datafield>
    <datafield tag="245" ind1="0" ind2="0">
      <subfield code="a">Kit de lectura :</subfield>
      <subfield code="b">lee y escucha los mejores relatos cortos en ingls en versin original ntegra : Roald Dahl, Edith Wharton, Alice Munro, Margaret Atwood ; [director de la coleccin, Eduard Sancho]</subfield>
    </datafield>
    <datafield tag="260" ind1=" " ind2=" ">
      <subfield code="a">[Barcelona]</subfield>
      <subfield code="b">Difusin, Centro de Investigacin y Publicaciones de Idiomas</subfield>
      <subfield code="c">D.L. 2014</subfield>
    </datafield>
    <datafield tag="300" ind1=" " ind2=" ">
      <subfield code="a">2 v. (106, 108 p.)</subfield>
      <subfield code="c">20 cm</subfield>
    </datafield>
    <datafield tag="300" ind1=" " ind2=" ">
      <subfield code="a">2 CD-Audio</subfield>
    </datafield>
    <datafield tag="336" ind1=" " ind2=" ">
      <subfield code="a">spoken word</subfield>
      <subfield code="b">spw</subfield>
      <subfield code="1">http://rdaregistry.info/termList/RDAContentType/1020</subfield>
      <subfield code="2">rdacontent</subfield>
    </datafield>
    <datafield tag="337" ind1=" " ind2=" ">
      <subfield code="a">audio</subfield>
      <subfield code="b">si</subfield>
      <subfield code="1">http://rdaregistry.info/termList/RDAMediaType/1007</subfield>
      <subfield code="2">rdamedia</subfield>
    </datafield>
    <datafield tag="338" ind1="1" ind2="0">
      <subfield code="a">audio disc</subfield>
      <subfield code="b">sd</subfield>
      <subfield code="1">http://rdaregistry.info/termList/RDACarrierType/1049</subfield>
      <subfield code="2">rdacarrier</subfield>
    </datafield>
    <datafield tag="490" ind1="0" ind2=" ">
      <subfield code="a">Read &amp; listen : los mejores relatos del s. XX en V.O. ntegra</subfield>
    </datafield>
    <datafield tag="500" ind1=" " ind2=" ">
      <subfield code="a">"Idiomas Pons"--Cubierta</subfield>
    </datafield>
    <datafield tag="505" ind1="0" ind2=" ">
      <subfield code="a">Contenido del texto impreso: [v. 1]. Parson's pleasure / Roald Dahl. The other two / Edith Wharton -- [V. 2] -- The progress of love / Alice Munro. Death by landscape / Margaret Atwood</subfield>
    </datafield>
    <datafield tag="538" ind1=" " ind2=" ">
      <subfield code="a">Formato de sonido en MP3</subfield>
    </datafield>
    <datafield tag="594" ind1=" " ind2=" ">
      <subfield code="a">Ttulo tomado de la funda</subfield>
    </datafield>
    <datafield tag="597" ind1=" " ind2=" ">
      <subfield code="a">CD-Audio inserto en cada libro. Los dos libros guardados en una funda de cartn de 20 x 14 x 2 cm</subfield>
    </datafield>
    <datafield tag="650" ind1=" " ind2="7">
      <subfield code="a">Lengua inglesa</subfield>
      <subfield code="v">Lecturas</subfield>
      <subfield code="2">embne</subfield>
    </datafield>
    <datafield tag="655" ind1=" " ind2="7">
      <subfield code="a">Audiolibros</subfield>
      <subfield code="2">tgfbne</subfield>
    </datafield>
    <datafield tag="700" ind1="1" ind2=" ">
      <subfield code="a">Dahl, Roald</subfield>
      <subfield code="d">1916-1990</subfield>
      <subfield code="t">Parson's pleasure</subfield>
    </datafield>
    <datafield tag="700" ind1="1" ind2=" ">
      <subfield code="a">Wharton, Edith</subfield>
      <subfield code="d">1862-1937</subfield>
      <subfield code="t">Other two</subfield>
    </datafield>
    <datafield tag="700" ind1="1" ind2=" ">
      <subfield code="a">Munro, Alice</subfield>
      <subfield code="d">1931-</subfield>
      <subfield code="1">http://viaf.org/viaf/68944521</subfield>
      <subfield code="4">aut</subfield>
      <subfield code="t">The progress of love</subfield>
    </datafield>
    <datafield tag="700" ind1="1" ind2=" ">
      <subfield code="a">Atwood, Margaret</subfield>
      <subfield code="d">1939-</subfield>
      <subfield code="t">Death by landscape</subfield>
    </datafield>
    <datafield tag="700" ind1="1" ind2=" ">
      <subfield code="a">Sancho, Eduard</subfield>
      <subfield code="e">director de la publicacin</subfield>
      <subfield code="1">http://viaf.org//viaf/308703263</subfield>
      <subfield code="4">pbd</subfield>
    </datafield>
  </record>