
  <record>
    <leader>01069nam a2200337 c 4500</leader>
    <controlfield tag="001">a5432493</controlfield>
    <controlfield tag="003">SpMaBN</controlfield>
    <controlfield tag="005">20150311004249.4</controlfield>
    <controlfield tag="008">131119s2013    sp     | |||| 000 j spa  </controlfield>
    <datafield tag="015" ind1=" " ind2=" ">
      <subfield code="a">MON1311</subfield>
    </datafield>
    <datafield tag="017" ind1=" " ind2=" ">
      <subfield code="a">B 22414-2013</subfield>
      <subfield code="b">Oficina Depsito Legal Barcelona</subfield>
    </datafield>
    <datafield tag="020" ind1=" " ind2=" ">
      <subfield code="a">978-84-9032-933-7</subfield>
    </datafield>
    <datafield tag="035" ind1=" " ind2=" ">
      <subfield code="a">(OCoLC)864212783</subfield>
    </datafield>
    <datafield tag="040" ind1=" " ind2=" ">
      <subfield code="a">SpMaBN</subfield>
      <subfield code="b">spa</subfield>
      <subfield code="c">SpMaBN</subfield>
      <subfield code="e">rdc</subfield>
    </datafield>
    <datafield tag="041" ind1="1" ind2=" ">
      <subfield code="a">spa</subfield>
      <subfield code="h">eng</subfield>
    </datafield>
    <datafield tag="080" ind1=" " ind2=" ">
      <subfield code="a">821.111(71)-32"19"</subfield>
    </datafield>
    <datafield tag="100" ind1="1" ind2=" ">
      <subfield code="a">Munro, Alice</subfield>
      <subfield code="d">1931-</subfield>
      <subfield code="1">http://viaf.org/viaf/68944521</subfield>
      <subfield code="4">aut</subfield>
    </datafield>
    <datafield tag="240" ind1="1" ind2="0">
      <subfield code="a">Moons of Jupiter</subfield>
      <subfield code="1">http://viaf.org/viaf/307975420</subfield>
      <subfield code="l">spa</subfield>
    </datafield>
    <datafield tag="245" ind1="1" ind2="3">
      <subfield code="a">Las lunas de Jpiter</subfield>
      <subfield code="c">Alice Munro ; traduccin de Esperanza Prez</subfield>
    </datafield>
    <datafield tag="250" ind1=" " ind2=" ">
      <subfield code="a">1 ed. con esta presentacin</subfield>
    </datafield>
    <datafield tag="260" ind1=" " ind2=" ">
      <subfield code="a">[Barcelona]</subfield>
      <subfield code="b">Debolsillo</subfield>
      <subfield code="c">2013</subfield>
    </datafield>
    <datafield tag="300" ind1=" " ind2=" ">
      <subfield code="a">285 p.</subfield>
      <subfield code="c">20 cm</subfield>
    </datafield>
    <datafield tag="336" ind1=" " ind2=" ">
      <subfield code="a">text</subfield>
      <subfield code="b">txt</subfield>
      <subfield code="1">http://rdaregistry.info/termList/RDAContentType/1020</subfield>
      <subfield code="2">rdacontent</subfield>
    </datafield>
    <datafield tag="337" ind1=" " ind2=" ">
      <subfield code="a">unmediated</subfield>
      <subfield code="b">n</subfield>
      <subfield code="1">http://rdaregistry.info/termList/RDAMediaType/1007</subfield>
      <subfield code="2">rdamedia</subfield>
    </datafield>
    <datafield tag="338" ind1="1" ind2="0">
      <subfield code="a">volume</subfield>
      <subfield code="b">nc</subfield>
      <subfield code="1">http://rdaregistry.info/termList/RDACarrierType/1049</subfield>
      <subfield code="2">rdacarrier</subfield>
    </datafield>
    <datafield tag="490" ind1="0" ind2=" ">
      <subfield code="a">Contempornea</subfield>
    </datafield>
    <datafield tag="594" ind1=" " ind2=" ">
      <subfield code="a">Ttulo original: Moons of Jupiter</subfield>
    </datafield>
    <datafield tag="700" ind1="1" ind2=" ">
      <subfield code="a">Prez, Esperanza</subfield>
      <subfield code="q">Prez Moreno</subfield>
      <subfield code="1">http://viaf.org/viaf/87651719 </subfield>
      <subfield code="4">trl</subfield>
    </datafield>
  </record>