
  <record>
    <leader>03053nam a22007097i 4500</leader>
    <controlfield tag="001">9kxq0tfc7h087xjd</controlfield>
    <controlfield tag="003">LIBRIS</controlfield>
    <controlfield tag="005">20190104100341.0</controlfield>
    <controlfield tag="008">190104s2016    xxk|||||||||||000 f|eng|c</controlfield>
    <datafield tag="020" ind1=" " ind2=" ">
      <subfield code="z">9780099502548 (hftad)</subfield>
    </datafield>
    <datafield tag="040" ind1=" " ind2=" ">
      <subfield code="a">H</subfield>
      <subfield code="b">swe</subfield>
      <subfield code="e">i</subfield>
      <subfield code="e">rda</subfield>
    </datafield>
    <datafield tag="041" ind1=" " ind2=" ">
      <subfield code="a">eng</subfield>
    </datafield>
    <datafield tag="100" ind1="1" ind2=" ">
      <subfield code="a">Morrison, Toni,</subfield>
      <subfield code="d">1931-</subfield>
      <subfield code="1">http://viaf.org/viaf/109406177</subfield>
      <subfield code="4">aut</subfield>
      <subfield code="1">https://libris.kb.se/20dgh8ml174s5w3#it</subfield>
    </datafield>
    <datafield tag="240" ind1="1" ind2="0">
      <subfield code="a">A mercy</subfield>
      <subfield code="1">http://viaf.org/viaf/245474949</subfield>
      <subfield code="l">eng</subfield>
    </datafield>
    <datafield tag="245" ind1="1" ind2="2">
      <subfield code="a">A mercy /</subfield>
      <subfield code="c">Toni Morrison.</subfield>
    </datafield>
    <datafield tag="264" ind1=" " ind2="1">
      <subfield code="a">London :</subfield>
      <subfield code="b">Vintage,</subfield>
      <subfield code="c">2016</subfield>
    </datafield>
    <datafield tag="300" ind1=" " ind2=" ">
      <subfield code="a">157 sidor</subfield>
      <subfield code="c">20 cm</subfield>
    </datafield>
    <datafield tag="336" ind1=" " ind2=" ">
      <subfield code="a">text</subfield>
      <subfield code="b">txt</subfield>
      <subfield code="1">http://rdaregistry.info/termList/RDAContentType/1020</subfield>
      <subfield code="2">rdacontent</subfield>
    </datafield>
    <datafield tag="337" ind1=" " ind2=" ">
      <subfield code="a">unmediated</subfield>
      <subfield code="b">n</subfield>
      <subfield code="1">http://rdaregistry.info/termList/RDAMediaType/1007</subfield>
      <subfield code="2">rdamedia</subfield>
    </datafield>
    <datafield tag="338" ind1=" " ind2=" ">
      <subfield code="a">volume</subfield>
      <subfield code="b">nc</subfield>
      <subfield code="1">http://rdaregistry.info/termList/RDACarrierType/1049</subfield>
      <subfield code="2">rdacarrier</subfield>
    </datafield>
    <datafield tag="340" ind1=" " ind2=" ">
      <subfield code="b">20 cm</subfield>
    </datafield>
    <datafield tag="648" ind1=" " ind2="7">
      <subfield code="a">1600-talet</subfield>
      <subfield code="1">https://id.kb.se/term/sao/1600-talet</subfield>
      <subfield code="2">sao</subfield>
    </datafield>
    <datafield tag="650" ind1=" " ind2="7">
      <subfield code="a">Slaveri</subfield>
      <subfield code="1">https://id.kb.se/term/sao/Slaveri</subfield>
      <subfield code="2">sao</subfield>
    </datafield>
    <datafield tag="650" ind1=" " ind2="7">
      <subfield code="a">Mor-dotterrelationer</subfield>
      <subfield code="1">https://id.kb.se/term/sao/Mor-dotterrelationer</subfield>
      <subfield code="2">sao</subfield>
    </datafield>
    <datafield tag="650" ind1=" " ind2="0">
      <subfield code="a">Slavery</subfield>
    </datafield>
    <datafield tag="650" ind1=" " ind2="0">
      <subfield code="a">Mothers and daughters</subfield>
    </datafield>
    <datafield tag="651" ind1=" " ind2="4">
      <subfield code="a">Frenta staterna</subfield>
      <subfield code="1">https://libris.kb.se/xv8b9vvg52nbbxp#it</subfield>
    </datafield>
    <datafield tag="655" ind1=" " ind2="7">
      <subfield code="a">Romaner</subfield>
      <subfield code="1">https://id.kb.se/term/saogf/Romaner</subfield>
      <subfield code="2">saogf</subfield>
    </datafield>
    <datafield tag="655" ind1=" " ind2="7">
      <subfield code="a">Historiska skildringar</subfield>
      <subfield code="1">https://id.kb.se/term/saogf/Historiska%20skildringar</subfield>
      <subfield code="2">saogf</subfield>
    </datafield>
    <datafield tag="655" ind1=" " ind2="4">
      <subfield code="1">https://id.kb.se/marc/Novel</subfield>
    </datafield>
  </record>