
  <record>
    <leader>01469cam a22002895  4500</leader>
    <controlfield tag="001">t3b0kxffrrwdbpdd</controlfield>
    <controlfield tag="003">LIBRIS</controlfield>
    <controlfield tag="005">20181129101133.0</controlfield>
    <controlfield tag="007">cr |||   |||||         </controlfield>
    <controlfield tag="008">181129nuuuuuuuuxx |||||o|||||000 ||eng|d</controlfield>
    <datafield tag="020" ind1=" " ind2=" ">
      <subfield code="z">1283996391 (print)</subfield>
    </datafield>
    <datafield tag="035" ind1=" " ind2=" ">
      <subfield code="a">(SFX)2550000001068600</subfield>
    </datafield>
    <datafield tag="040" ind1=" " ind2=" ">
      <subfield code="a">SEK</subfield>
    </datafield>
    <datafield tag="041" ind1=" " ind2=" ">
      <subfield code="a">eng</subfield>
    </datafield>
    <datafield tag="100" ind1="1" ind2=" ">
      <subfield code="a">Morrison, Toni</subfield>
      <subfield code="1">http://viaf.org/viaf/109406177</subfield>
      <subfield code="4">aut</subfield>
    </datafield>
    <datafield tag="240" ind1="1" ind2="0">
      <subfield code="a">Sula</subfield>
      <subfield code="1">http://viaf.org/viaf/191523526 </subfield>
      <subfield code="l">eng</subfield>
    </datafield>
    <datafield tag="245" ind1="1" ind2="0">
      <subfield code="a">Sula</subfield>
      <subfield code="h">[Elektronisk resurs]</subfield>
    </datafield>
    <datafield tag="264" ind1=" " ind2="1">
      <subfield code="b">Random House US</subfield>
    </datafield>
    <datafield tag="336" ind1=" " ind2=" ">
      <subfield code="a">spoken word</subfield>
      <subfield code="b">spw</subfield>
      <subfield code="1">http://rdaregistry.info/termList/RDAContentType/1013</subfield>
      <subfield code="2">rdacontent</subfield>
    </datafield>
    <datafield tag="337" ind1=" " ind2=" ">
      <subfield code="a">audio</subfield>
      <subfield code="b">si</subfield>
      <subfield code="1">http://rdaregistry.info/termList/RDAMediaType/1001</subfield>
      <subfield code="2">rdamedia</subfield>
    </datafield>
    <datafield tag="338" ind1="1" ind2="0">
      <subfield code="a">audio disc</subfield>
      <subfield code="b">sd</subfield>
      <subfield code="1">http://rdaregistry.info/termList/RDACarrierType/1004</subfield>
      <subfield code="2">rdacarrier</subfield>
    </datafield>
    <datafield tag="776" ind1="0" ind2="8">
      <subfield code="i">Print:</subfield>
      <subfield code="t">Sula</subfield>
      <subfield code="z">1283996391</subfield>
    </datafield>
    <datafield tag="841" ind1=" " ind2=" ">
      <subfield code="5">Gdix</subfield>
      <subfield code="a">x  a</subfield>
      <subfield code="b">181129||0000|||||001||||||000000</subfield>
      <subfield code="e">1</subfield>
    </datafield>
  </record>