
  <record>
    <leader>01936cam a22004697c 4500</leader>
    <controlfield tag="001">nx246gzhlkjfwzc2</controlfield>
    <controlfield tag="003">LIBRIS</controlfield>
    <controlfield tag="005">20181106142102.0</controlfield>
    <controlfield tag="008">181106s2018    gw |||||||||||000 f|ger|d</controlfield>
    <datafield tag="020" ind1=" " ind2=" ">
      <subfield code="a">3499271729</subfield>
    </datafield>
    <datafield tag="020" ind1=" " ind2=" ">
      <subfield code="a">9783499271724</subfield>
    </datafield>
    <datafield tag="040" ind1=" " ind2=" ">
      <subfield code="a">Um</subfield>
      <subfield code="b">ger</subfield>
      <subfield code="c">GBVCP</subfield>
      <subfield code="d">Um</subfield>
      <subfield code="e">c</subfield>
      <subfield code="e">rda</subfield>
    </datafield>
    <datafield tag="041" ind1="1" ind2=" ">
      <subfield code="a">ger</subfield>
      <subfield code="h">eng</subfield>
    </datafield>
    <datafield tag="082" ind1="0" ind2="4">
      <subfield code="a">813.54</subfield>
    </datafield>
    <datafield tag="100" ind1="1" ind2=" ">
      <subfield code="a">Morrison, Toni,</subfield>
      <subfield code="d">1931-</subfield>
      <subfield code="e">VerfasserIn</subfield>
      <subfield code="1">http://viaf.org/viaf/109406177</subfield>
      <subfield code="4">aut</subfield>
      <subfield code="1">https://libris.kb.se/20dgh8ml174s5w3#it</subfield>
    </datafield>
    <datafield tag="240" ind1="1" ind2="0">
      <subfield code="a">God help the child</subfield>
      <subfield code="1">http://viaf.org/viaf/316872846</subfield>
      <subfield code="l">ger</subfield>
    </datafield>
    <datafield tag="245" ind1="1" ind2="0">
      <subfield code="a">Gott, hilf dem Kind</subfield>
      <subfield code="b">Roman /</subfield>
      <subfield code="c">Toni Morrison ; aus dem Englischen von Thomas Piltz.</subfield>
    </datafield>
    <datafield tag="264" ind1="3" ind2="1">
      <subfield code="a">Reinbek bei Hamburg :</subfield>
      <subfield code="b">Rowohlt Taschenbuch Verlag,</subfield>
      <subfield code="c">2018</subfield>
    </datafield>
    <datafield tag="300" ind1=" " ind2=" ">
      <subfield code="a">203 Seiten</subfield>
      <subfield code="c">19 cm x 12.5 cm</subfield>
    </datafield>
    <datafield tag="336" ind1=" " ind2=" ">
      <subfield code="a">text</subfield>
      <subfield code="b">txt</subfield>
      <subfield code="1">http://rdaregistry.info/termList/RDAContentType/1020</subfield>
      <subfield code="2">rdacontent</subfield>
    </datafield>
    <datafield tag="337" ind1=" " ind2=" ">
      <subfield code="a">unmediated</subfield>
      <subfield code="b">n</subfield>
      <subfield code="1">http://rdaregistry.info/termList/RDAMediaType/1007</subfield>
      <subfield code="2">rdamedia</subfield>
    </datafield>
    <datafield tag="338" ind1=" " ind2=" ">
      <subfield code="a">volume</subfield>
      <subfield code="b">nc</subfield>
      <subfield code="1">http://rdaregistry.info/termList/RDACarrierType/1049</subfield>
      <subfield code="2">rdacarrier</subfield>
    </datafield>
    <datafield tag="340" ind1=" " ind2=" ">
      <subfield code="b">19 cm x 12.5 cm</subfield>
    </datafield>
    <datafield tag="490" ind1="0" ind2=" ">
      <subfield code="a">rororo ;</subfield>
      <subfield code="v">27172</subfield>
    </datafield>
    <datafield tag="599" ind1=" " ind2=" ">
      <subfield code="a">Imported from: zcat.oclc.org:210/OLUCWorldCat (Do not remove)</subfield>
    </datafield>
    <datafield tag="655" ind1=" " ind2="7">
      <subfield code="a">Romaner</subfield>
      <subfield code="1">https://id.kb.se/term/saogf/Romaner</subfield>
      <subfield code="2">saogf</subfield>
    </datafield>
    <datafield tag="655" ind1=" " ind2="4">
      <subfield code="1">https://id.kb.se/marc/Novel</subfield>
    </datafield>
    <datafield tag="700" ind1="1" ind2=" ">
      <subfield code="a">Piltz, Thomas</subfield>
      <subfield code="e">&amp;#xdc;bersetzerIn</subfield>
      <subfield code="1">http://viaf.org/viaf/59627399</subfield>
      <subfield code="4">trl</subfield>
    </datafield>
    <datafield tag="710" ind1="2" ind2=" ">
      <subfield code="a">Rowohlt Taschenbuch Verlag</subfield>
      <subfield code="e">Verlag</subfield>
      <subfield code="4">pbl</subfield>
    </datafield>
  </record>