
  <record>
    <leader>02456cmm a22006377a 4500</leader>
    <controlfield tag="001">2bf3lzlz0212qshn</controlfield>
    <controlfield tag="003">LIBRIS</controlfield>
    <controlfield tag="005">20181025130120.0</controlfield>
    <controlfield tag="006">a|||||||||||000 ||</controlfield>
    <controlfield tag="006">i| |||||||||||| | </controlfield>
    <controlfield tag="007">co |||   |||||         </controlfield>
    <controlfield tag="008">181025s2018    sw ||  eq  m |      eng|c</controlfield>
    <datafield tag="024" ind1="7" ind2=" ">
      <subfield code="a">CA40276</subfield>
      <subfield code="2">MTM medienummer</subfield>
    </datafield>
    <datafield tag="035" ind1=" " ind2=" ">
      <subfield code="a">(MTM)CA40276</subfield>
    </datafield>
    <datafield tag="035" ind1=" " ind2=" ">
      <subfield code="5">Mtm</subfield>
      <subfield code="a">(MTM)CA40276</subfield>
    </datafield>
    <datafield tag="040" ind1=" " ind2=" ">
      <subfield code="a">Mtm</subfield>
      <subfield code="e">a</subfield>
    </datafield>
    <datafield tag="041" ind1="0" ind2=" ">
      <subfield code="a">eng</subfield>
    </datafield>
    <datafield tag="042" ind1=" " ind2=" ">
      <subfield code="9">Mtm</subfield>
    </datafield>
    <datafield tag="046" ind1=" " ind2=" ">
      <subfield code="a">m</subfield>
      <subfield code="m">20181024</subfield>
      <subfield code="n">20181223</subfield>
    </datafield>
    <datafield tag="082" ind1="0" ind2="4">
      <subfield code="a">809</subfield>
      <subfield code="2">22 (machine generated)</subfield>
    </datafield>
    <datafield tag="083" ind1="0" ind2=" ">
      <subfield code="a">323</subfield>
      <subfield code="2">22 (machine generated)</subfield>
    </datafield>
    <datafield tag="084" ind1=" " ind2=" ">
      <subfield code="a">G/TD</subfield>
      <subfield code="2">kssb/8</subfield>
    </datafield>
    <datafield tag="084" ind1=" " ind2=" ">
      <subfield code="a">Oc.01/TD</subfield>
      <subfield code="2">kssb/8</subfield>
    </datafield>
    <datafield tag="245" ind1="1" ind2="0">
      <subfield code="a">Burn this book</subfield>
      <subfield code="h">[Elektronisk resurs]</subfield>
      <subfield code="b">notes on literature and engagement /</subfield>
      <subfield code="c">edited by Toni Morrison.</subfield>
    </datafield>
    <datafield tag="256" ind1=" " ind2=" ">
      <subfield code="a">Text och ljud</subfield>
    </datafield>
    <datafield tag="264" ind1=" " ind2="1">
      <subfield code="a">Johanneshov :</subfield>
      <subfield code="b">MTM,</subfield>
      <subfield code="c">2018</subfield>
    </datafield>
    <datafield tag="300" ind1=" " ind2=" ">
      <subfield code="a">1 CD-R</subfield>
    </datafield>
    <datafield tag="336" ind1=" " ind2=" ">
      <subfield code="a">spoken word</subfield>
      <subfield code="b">spw</subfield>
      <subfield code="1">http://rdaregistry.info/termList/RDAContentType/1013</subfield>
      <subfield code="2">rdacontent</subfield>
    </datafield>
    <datafield tag="337" ind1=" " ind2=" ">
      <subfield code="a">audio</subfield>
      <subfield code="b">si</subfield>
      <subfield code="1">http://rdaregistry.info/termList/RDAMediaType/1001</subfield>
      <subfield code="2">rdamedia</subfield>
    </datafield>
    <datafield tag="338" ind1="1" ind2="0">
      <subfield code="a">audio disc</subfield>
      <subfield code="b">sd</subfield>
      <subfield code="1">http://rdaregistry.info/termList/RDACarrierType/1004</subfield>
      <subfield code="2">rdacarrier</subfield>
    </datafield>
    <datafield tag="347" ind1=" " ind2=" ">
      <subfield code="a">Text och ljud</subfield>
    </datafield>
    <datafield tag="500" ind1=" " ind2=" ">
      <subfield code="a">Digital talbok (DAISY 2.02), text och ljud</subfield>
    </datafield>
    <datafield tag="500" ind1=" " ind2=" ">
      <subfield code="a">Speltid: 4 tim., 50 min.; 119 s.</subfield>
    </datafield>
    <datafield tag="500" ind1=" " ind2=" ">
      <subfield code="a">Inlst ur: 1. pbk ed. New York, N.Y. : Harper, 2012. ISBN 978-0-06-177401-0</subfield>
    </datafield>
    <datafield tag="506" ind1="1" ind2=" ">
      <subfield code="a">Tillgnglig fr personer med lsnedsttning enligt  17 Upphovsrttslagen</subfield>
      <subfield code="u">http://www.mtm.se/om-oss/uppdrag-och-lagar/upphovsrattslagen/</subfield>
    </datafield>
    <datafield tag="538" ind1=" " ind2=" ">
      <subfield code="a">Filstorlek: 100 MB</subfield>
    </datafield>
    <datafield tag="599" ind1=" " ind2=" ">
      <subfield code="a">MTM MarcRecordId: 236418</subfield>
    </datafield>
    <datafield tag="599" ind1=" " ind2=" ">
      <subfield code="5">Mtm</subfield>
      <subfield code="a">Posten ndrad i Legimus 20181025</subfield>
    </datafield>
    <datafield tag="653" ind1=" " ind2="0">
      <subfield code="a">Talboksinlsning fr hgskolestudier</subfield>
    </datafield>
    <datafield tag="655" ind1=" " ind2="4">
      <subfield code="1">https://id.kb.se/marc/Combination</subfield>
    </datafield>
    <datafield tag="655" ind1=" " ind2="4">
      <subfield code="a">DAISY text och ljud</subfield>
    </datafield>
    <datafield tag="700" ind1="1" ind2=" ">
      <subfield code="a">Morrison, Toni</subfield>
      <subfield code="1">http://viaf.org/viaf/109406177</subfield>
      <subfield code="4">pbl</subfield>
    </datafield>
    <datafield tag="700" ind1="1" ind2=" ">
      <subfield code="a">Ferguson, Gerrie</subfield>
      <subfield code="4">nrt</subfield>
    </datafield>
    <datafield tag="776" ind1="0" ind2="8">
      <subfield code="i">Inlst ur</subfield>
      <subfield code="t">Burn this book</subfield>
      <subfield code="z">9780061774010</subfield>
    </datafield>
    <datafield tag="841" ind1=" " ind2=" ">
      <subfield code="5">Mtm</subfield>
      <subfield code="a">x  a</subfield>
      <subfield code="b">181025||0000|||||000||||||000000</subfield>
      <subfield code="e">1</subfield>
    </datafield>
    <datafield tag="852" ind1=" " ind2=" ">
      <subfield code="5">Mtm</subfield>
      <subfield code="b">Mtm</subfield>
      <subfield code="h">G/TD</subfield>
    </datafield>
    <datafield tag="856" ind1=" " ind2=" ">
      <subfield code="s">105384691</subfield>
    </datafield>
    <datafield tag="856" ind1="4" ind2="0">
      <subfield code="5">Mtm</subfield>
      <subfield code="u">http://www.legimus.se/work/redirect?MedieNr=CA40276</subfield>
      <subfield code="z">Ladda ner. Tillgnglig fr personer med lsnedsttning enligt  17 Upphovsrttslagen</subfield>
    </datafield>
    <datafield tag="886" ind1="0" ind2=" ">
      <subfield code="2">BURK IV</subfield>
      <subfield code="b">KLCASWSW0190ENGS BD</subfield>
    </datafield>
    <datafield tag="976" ind1=" " ind2="0">
      <subfield code="b">Litteraturvetenskap</subfield>
    </datafield>
    <datafield tag="976" ind1=" " ind2="0">
      <subfield code="b">Grundrttigheter</subfield>
    </datafield>
    <datafield tag="976" ind1=" " ind2="0">
      <subfield code="b">Medborgerliga rttigheter</subfield>
    </datafield>
    <datafield tag="976" ind1=" " ind2="0">
      <subfield code="b">Mnskliga rttigheter</subfield>
    </datafield>
    <datafield tag="976" ind1=" " ind2="0">
      <subfield code="b">Politik</subfield>
    </datafield>
    <datafield tag="976" ind1=" " ind2="0">
      <subfield code="b">Samhllsvetenskap</subfield>
    </datafield>
    <datafield tag="976" ind1=" " ind2="0">
      <subfield code="b">Statskunskap</subfield>
    </datafield>
  </record>