
  <record>
    <leader>10028cam a2201921 i 4500</leader>
    <controlfield tag="001">fpnwqlhpc5x485h7</controlfield>
    <controlfield tag="003">LIBRIS</controlfield>
    <controlfield tag="005">20181205115703.0</controlfield>
    <controlfield tag="008">180925s2018    sw |||||||||||000 j|swe|d</controlfield>
    <datafield tag="020" ind1=" " ind2=" ">
      <subfield code="a">9789175892849</subfield>
      <subfield code="q">hftad</subfield>
    </datafield>
    <datafield tag="020" ind1=" " ind2=" ">
      <subfield code="z">9789175892870 (i lda tillsammans med 3 andra bcker)</subfield>
    </datafield>
    <datafield tag="035" ind1=" " ind2=" ">
      <subfield code="a">(BOKR)9789175892849</subfield>
    </datafield>
    <datafield tag="040" ind1=" " ind2=" ">
      <subfield code="a">BOKR</subfield>
      <subfield code="b">swe</subfield>
      <subfield code="d">S</subfield>
      <subfield code="e">i</subfield>
      <subfield code="e">rda</subfield>
    </datafield>
    <datafield tag="041" ind1="1" ind2=" ">
      <subfield code="a">swe</subfield>
      <subfield code="h">eng</subfield>
    </datafield>
    <datafield tag="042" ind1=" " ind2=" ">
      <subfield code="9">NB</subfield>
    </datafield>
    <datafield tag="082" ind1="0" ind2="4">
      <subfield code="a">813.54</subfield>
      <subfield code="2">23/swe</subfield>
    </datafield>
    <datafield tag="100" ind1="1" ind2=" ">
      <subfield code="a">Morrison, Toni,</subfield>
      <subfield code="d">1931-</subfield>
      <subfield code="1">http://viaf.org/viaf/109406177</subfield>
      <subfield code="4">aut</subfield>
      <subfield code="1">https://libris.kb.se/20dgh8ml174s5w3#it</subfield>
    </datafield>
    <datafield tag="240" ind1="1" ind2="0">
      <subfield code="a">Recitatif</subfield>
      <subfield code="l">Swe</subfield>
    </datafield>
    <datafield tag="245" ind1="1" ind2="0">
      <subfield code="a">Recitatif /</subfield>
      <subfield code="c">Toni Morrison ; versttning av Helena Hansson.</subfield>
    </datafield>
    <datafield tag="264" ind1=" " ind2="1">
      <subfield code="a">[Stockholm] :</subfield>
      <subfield code="b">Novellix,</subfield>
      <subfield code="c">[2018]</subfield>
    </datafield>
    <datafield tag="264" ind1=" " ind2="3">
      <subfield code="c">2018</subfield>
    </datafield>
    <datafield tag="300" ind1=" " ind2=" ">
      <subfield code="a">41 sidor</subfield>
      <subfield code="c">15 cm</subfield>
    </datafield>
    <datafield tag="336" ind1=" " ind2=" ">
      <subfield code="a">text</subfield>
      <subfield code="b">txt</subfield>
      <subfield code="1">http://rdaregistry.info/termList/RDAContentType/1020</subfield>
      <subfield code="2">rdacontent</subfield>
    </datafield>
    <datafield tag="337" ind1=" " ind2=" ">
      <subfield code="a">unmediated</subfield>
      <subfield code="b">n</subfield>
      <subfield code="1">http://rdaregistry.info/termList/RDAMediaType/1007</subfield>
      <subfield code="2">rdamedia</subfield>
    </datafield>
    <datafield tag="338" ind1=" " ind2=" ">
      <subfield code="a">volume</subfield>
      <subfield code="b">nc</subfield>
      <subfield code="1">http://rdaregistry.info/termList/RDACarrierType/1049</subfield>
      <subfield code="2">rdacarrier</subfield>
    </datafield>
    <datafield tag="340" ind1=" " ind2=" ">
      <subfield code="b">15 cm</subfield>
    </datafield>
    <datafield tag="490" ind1="0" ind2=" ">
      <subfield code="a">En novell frn Novellix ;</subfield>
      <subfield code="v">no. 124</subfield>
    </datafield>
    <datafield tag="500" ind1=" " ind2=" ">
      <subfield code="a">Bakre omslag: "Nobelpriset i litteratur 1993"</subfield>
    </datafield>
    <datafield tag="500" ind1=" " ind2=" ">
      <subfield code="a">Variant i lda med titeln Fyra Nobelnoveller frn Novellix tillsammans med 3 andra bcker</subfield>
    </datafield>
    <datafield tag="500" ind1=" " ind2=" ">
      <subfield code="a">Frsta svenska upplaga 2018</subfield>
    </datafield>
    <datafield tag="650" ind1=" " ind2="7">
      <subfield code="a">Svarta</subfield>
      <subfield code="1">https://id.kb.se/term/sao/Svarta</subfield>
      <subfield code="2">sao</subfield>
    </datafield>
    <datafield tag="650" ind1=" " ind2="7">
      <subfield code="a">Vita</subfield>
      <subfield code="1">https://id.kb.se/term/sao/Vita</subfield>
      <subfield code="2">sao</subfield>
    </datafield>
    <datafield tag="650" ind1=" " ind2="7">
      <subfield code="a">Sociala klasser</subfield>
      <subfield code="1">https://id.kb.se/term/sao/Sociala%20klasser</subfield>
      <subfield code="2">sao</subfield>
    </datafield>
    <datafield tag="650" ind1=" " ind2="7">
      <subfield code="a">Klassmedvetande</subfield>
      <subfield code="1">https://id.kb.se/term/sao/Klassmedvetande</subfield>
      <subfield code="2">sao</subfield>
    </datafield>
    <datafield tag="650" ind1=" " ind2="0">
      <subfield code="a">Blacks</subfield>
    </datafield>
    <datafield tag="650" ind1=" " ind2="0">
      <subfield code="a">Whites</subfield>
    </datafield>
    <datafield tag="650" ind1=" " ind2="0">
      <subfield code="a">Social classes</subfield>
    </datafield>
    <datafield tag="650" ind1=" " ind2="0">
      <subfield code="a">Class consciousness</subfield>
    </datafield>
    <datafield tag="651" ind1=" " ind2="4">
      <subfield code="a">Frenta staterna</subfield>
      <subfield code="1">https://libris.kb.se/xv8b9vvg52nbbxp#it</subfield>
    </datafield>
    <datafield tag="655" ind1=" " ind2="7">
      <subfield code="a">Noveller</subfield>
      <subfield code="1">https://id.kb.se/term/saogf/Noveller</subfield>
      <subfield code="2">saogf</subfield>
    </datafield>
    <datafield tag="655" ind1=" " ind2="4">
      <subfield code="1">https://id.kb.se/marc/ShortStory</subfield>
    </datafield>
    <datafield tag="700" ind1="1" ind2=" ">
      <subfield code="a">Hansson, Helena,</subfield>
      <subfield code="d">1961-</subfield>
      <subfield code="1">http://viaf.org/viaf/88593309</subfield>
      <subfield code="4">trl</subfield>
      <subfield code="1">https://libris.kb.se/nl0375261rznjqx#it</subfield>
    </datafield>
  </record>