
  <record>
    <leader>01422cam a22003858i 4500</leader>
    <controlfield tag="001">4d8023v62wx7p20c</controlfield>
    <controlfield tag="003">LIBRIS</controlfield>
    <controlfield tag="005">20181130090147.0</controlfield>
    <controlfield tag="008">180903s2018    sw |||||||||||000 1|swe|d</controlfield>
    <datafield tag="020" ind1=" " ind2=" ">
      <subfield code="a">9789175892870</subfield>
      <subfield code="q">hftad</subfield>
    </datafield>
    <datafield tag="035" ind1=" " ind2=" ">
      <subfield code="a">(BOKR)9789175892870</subfield>
    </datafield>
    <datafield tag="040" ind1=" " ind2=" ">
      <subfield code="a">BOKR</subfield>
      <subfield code="e">i</subfield>
    </datafield>
    <datafield tag="041" ind1=" " ind2=" ">
      <subfield code="a">swe</subfield>
    </datafield>
    <datafield tag="100" ind1="1" ind2=" ">
      <subfield code="a">Ishiguro, Kazuo</subfield>
      <subfield code="1"> http://viaf.org/viaf/108702574</subfield>
      <subfield code="4">aut</subfield>
    </datafield>
    <datafield tag="245" ind1="1" ind2="0">
      <subfield code="a">Presentask med fyra Nobelnoveller frn Novellix :</subfield>
      <subfield code="b">Steinbeck, Morrison m fl</subfield>
    </datafield>
    <datafield tag="263" ind1=" " ind2=" ">
      <subfield code="a">201811</subfield>
    </datafield>
    <datafield tag="264" ind1=" " ind2="1">
      <subfield code="b">Novellix,</subfield>
      <subfield code="c">2018</subfield>
    </datafield>
    <datafield tag="300" ind1=" " ind2=" ">
      <subfield code="c">16 cm</subfield>
    </datafield>
    <datafield tag="336" ind1=" " ind2=" ">
      <subfield code="a">text</subfield>
      <subfield code="b">txt</subfield>
      <subfield code="1">http://rdaregistry.info/termList/RDAContentType/1020</subfield>
      <subfield code="2">rdacontent</subfield>
    </datafield>
    <datafield tag="337" ind1=" " ind2=" ">
      <subfield code="a">unmediated</subfield>
      <subfield code="b">n</subfield>
      <subfield code="1">http://rdaregistry.info/termList/RDAMediaType/1007</subfield>
      <subfield code="2">rdamedia</subfield>
    </datafield>
    <datafield tag="338" ind1=" " ind2=" ">
      <subfield code="a">volume</subfield>
      <subfield code="b">nc</subfield>
      <subfield code="1">http://rdaregistry.info/termList/RDACarrierType/1049</subfield>
      <subfield code="2">rdacarrier</subfield>
    </datafield>
    <datafield tag="340" ind1=" " ind2=" ">
      <subfield code="b">16 cm</subfield>
    </datafield>
    <datafield tag="655" ind1=" " ind2="4">
      <subfield code="1">https://id.kb.se/marc/FictionNotFurtherSpecified</subfield>
    </datafield>
    <datafield tag="700" ind1="1" ind2=" ">
      <subfield code="a">Morrison, Toni</subfield>
      <subfield code="1">http://viaf.org/viaf/109406177</subfield>
      <subfield code="4">aut</subfield>
    </datafield>
    <datafield tag="700" ind1="1" ind2=" ">
      <subfield code="a">Steinbeck, John</subfield>
      <subfield code="1">http://viaf.org/viaf/96992551</subfield>
      <subfield code="4">aut</subfield>
    </datafield>
    <datafield tag="700" ind1="1" ind2=" ">
      <subfield code="a">M&amp;#xfc;ller, Herta</subfield>
      <subfield code="4">aut</subfield>
    </datafield>
    <datafield tag="700" ind1="1" ind2=" ">
      <subfield code="a">Dahl, Alva</subfield>
      <subfield code="1">http://viaf.org/viaf/275635114</subfield>
      <subfield code="4">trl</subfield>
    </datafield>
    <datafield tag="700" ind1="1" ind2=" ">
      <subfield code="a">Nielsen, Rose-Marie</subfield>
      <subfield code="1">http://viaf.org/viaf249628102</subfield>
      <subfield code="4">trl</subfield>
    </datafield>
    <datafield tag="700" ind1="1" ind2=" ">
      <subfield code="a">Hansson, Helena</subfield>
      <subfield code="1">http://viaf.org/viaf/88593309</subfield>
      <subfield code="4">trl</subfield>
    </datafield>
    <datafield tag="700" ind1="1" ind2=" ">
      <subfield code="a">Zalesky, Bodil</subfield>
      <subfield code="1">http://viaf.org/viaf/287847</subfield>
      <subfield code="4">trl</subfield>
    </datafield>
  </record>