
  <record>
    <leader>01882nam a22004095a 4500</leader>
    <controlfield tag="001">22594313</controlfield>
    <controlfield tag="003">LIBRIS</controlfield>
    <controlfield tag="005">20180419211424.0</controlfield>
    <controlfield tag="007">cr |||   |||||         </controlfield>
    <controlfield tag="008">180419s2017    xx |||||o|||||000 0|und|d</controlfield>
    <datafield tag="020" ind1=" " ind2=" ">
      <subfield code="z">0674976452 (Print)</subfield>
    </datafield>
    <datafield tag="020" ind1=" " ind2=" ">
      <subfield code="z">9780674976450 (Print)</subfield>
    </datafield>
    <datafield tag="035" ind1=" " ind2=" ">
      <subfield code="a">(WaSeSS)ssib029224243</subfield>
    </datafield>
    <datafield tag="035" ind1=" " ind2=" ">
      <subfield code="5">HdE</subfield>
      <subfield code="a">(WaSeSS)ssib029224243</subfield>
    </datafield>
    <datafield tag="035" ind1=" " ind2=" ">
      <subfield code="5">KrhE</subfield>
      <subfield code="a">(WaSeSS)ssib029224243</subfield>
    </datafield>
    <datafield tag="040" ind1=" " ind2=" ">
      <subfield code="e">a</subfield>
    </datafield>
    <datafield tag="041" ind1=" " ind2=" ">
      <subfield code="a">und</subfield>
    </datafield>
    <datafield tag="100" ind1="1" ind2=" ">
      <subfield code="a">Morrison, Toni</subfield>
      <subfield code="1">http://viaf.org/viaf/109406177</subfield>
    </datafield>
    <datafield tag="240" ind1="1" ind2="0">
      <subfield code="a">Origin of Others</subfield>
      <subfield code="1">http://viaf.org/viaf/4324152139987711100000</subfield>
      <subfield code="l">und</subfield>
    </datafield>
    <datafield tag="245" ind1="1" ind2="0">
      <subfield code="a">Origin of Others</subfield>
      <subfield code="h">[Elektronisk resurs]</subfield>
    </datafield>
    <datafield tag="264" ind1=" " ind2="1">
      <subfield code="c">2017</subfield>
    </datafield>
    <datafield tag="336" ind1=" " ind2=" ">
      <subfield code="a">spoken word</subfield>
      <subfield code="b">spw</subfield>
      <subfield code="1">http://rdaregistry.info/termList/RDAContentType/1013</subfield>
      <subfield code="2">rdacontent</subfield>
    </datafield>
    <datafield tag="337" ind1=" " ind2=" ">
      <subfield code="a">audio</subfield>
      <subfield code="b">si</subfield>
      <subfield code="1">http://rdaregistry.info/termList/RDAMediaType/1001</subfield>
      <subfield code="2">rdamedia</subfield>
    </datafield>
    <datafield tag="338" ind1="1" ind2="0">
      <subfield code="a">audio disc</subfield>
      <subfield code="b">sd</subfield>
      <subfield code="1">http://rdaregistry.info/termList/RDACarrierType/1004</subfield>
      <subfield code="2">rdacarrier</subfield>
    </datafield>
    <datafield tag="655" ind1=" " ind2="4">
      <subfield code="1">https://id.kb.se/marc/NotFictionNotFurtherSpecified</subfield>
    </datafield>
    <datafield tag="655" ind1=" " ind2="4">
      <subfield code="a">Electronic books</subfield>
    </datafield>
    <datafield tag="776" ind1="0" ind2="8">
      <subfield code="i">Print</subfield>
      <subfield code="t">Origin of Others</subfield>
      <subfield code="z">0674976452</subfield>
      <subfield code="z">9780674976450</subfield>
    </datafield>
  </record>