
  <record>
    <leader>02995ccm a22005297a 4500</leader>
    <controlfield tag="001">22276311</controlfield>
    <controlfield tag="003">LIBRIS</controlfield>
    <controlfield tag="005">20181030230000.0</controlfield>
    <controlfield tag="008">180112s2000    enk| a|||||||||   | eng|c</controlfield>
    <datafield tag="028" ind1="3" ind2="1">
      <subfield code="a">CH61764-01</subfield>
      <subfield code="b">Chester Music</subfield>
    </datafield>
    <datafield tag="040" ind1=" " ind2=" ">
      <subfield code="a">X</subfield>
      <subfield code="e">a</subfield>
    </datafield>
    <datafield tag="041" ind1=" " ind2=" ">
      <subfield code="a">eng</subfield>
    </datafield>
    <datafield tag="082" ind1="0" ind2="4">
      <subfield code="a">783.242168</subfield>
      <subfield code="2">23/swe</subfield>
    </datafield>
    <datafield tag="084" ind1=" " ind2=" ">
      <subfield code="a">Xoael</subfield>
      <subfield code="2">kssb/8</subfield>
    </datafield>
    <datafield tag="100" ind1="1" ind2=" ">
      <subfield code="a">Weir, Judith,</subfield>
      <subfield code="d">1954-</subfield>
      <subfield code="4">cmp</subfield>
      <subfield code="1">https://libris.kb.se/vs69fdnd4g99vzc#it</subfield>
    </datafield>
    <datafield tag="245" ind1="1" ind2="0">
      <subfield code="a">Woman.life.song</subfield>
      <subfield code="h">[Musiktryck] /</subfield>
      <subfield code="c">music by Judith Weir ; texts by Maya Angelou, Clarissa Pinkola Ests, Toni Morrison.</subfield>
    </datafield>
    <datafield tag="250" ind1=" " ind2=" ">
      <subfield code="a">Special order ed.</subfield>
    </datafield>
    <datafield tag="264" ind1=" " ind2="1">
      <subfield code="c">2000</subfield>
    </datafield>
    <datafield tag="264" ind1=" " ind2="1">
      <subfield code="a">London :</subfield>
      <subfield code="b">Chester Music,</subfield>
      <subfield code="c">cop. 2000</subfield>
    </datafield>
    <datafield tag="300" ind1=" " ind2=" ">
      <subfield code="a">1 part. (140 s.)</subfield>
    </datafield>
    <datafield tag="336" ind1=" " ind2=" ">
      <subfield code="a">performed music</subfield>
      <subfield code="b">prm</subfield>
      <subfield code="1">http://rdaregistry.info/termList/RDAContentType/1011</subfield>
      <subfield code="2">rdacontent</subfield>
    </datafield>
    <datafield tag="337" ind1=" " ind2=" ">
      <subfield code="a">audio</subfield>
      <subfield code="b">si</subfield>
      <subfield code="1">http://rdaregistry.info/termList/RDAMediaType/1001</subfield>
      <subfield code="2">rdamedia</subfield>
    </datafield>
    <datafield tag="338" ind1="1" ind2="0">
      <subfield code="a">audio disc</subfield>
      <subfield code="b">sd</subfield>
      <subfield code="1">http://rdaregistry.info/termList/RDACarrierType/1004</subfield>
      <subfield code="2">rdacarrier</subfield>
    </datafield>
    <datafield tag="348" ind1=" " ind2=" ">
      <subfield code="a">partitur</subfield>
      <subfield code="2">rda</subfield>
    </datafield>
    <datafield tag="500" ind1=" " ind2=" ">
      <subfield code="a">Kvinnliga tonsttare</subfield>
    </datafield>
    <datafield tag="500" ind1=" " ind2=" ">
      <subfield code="a">"woman.life.song was commissioned in honour of Marie-Jose Kravis, in celebration of her birthday. It was first performed on 22nd March 2000, at Carnegie Hall, New York City, by Jessye Norman with the Orchestra of St. Luke's, conducted by David Robertson"</subfield>
    </datafield>
    <datafield tag="500" ind1=" " ind2=" ">
      <subfield code="a">Fr solorst, tre fljter, tre klarinetter, slagverk (tre musiker), gitarr, harpa, piano, tv violiner, tv altvioliner, tv violonceller och kontrabas</subfield>
    </datafield>
    <datafield tag="500" ind1=" " ind2=" ">
      <subfield code="a">Speltid: ca 45 min.</subfield>
    </datafield>
    <datafield tag="505" ind1="8" ind2=" ">
      <subfield code="a">On youth / Maya Angelou -- Breasts!! Song of the innocent wild-child / Clarissa Pinkola Ests -- Edge / Toni Morrison -- Eve remembering / Toni Morrison -- The mothership, when a good mother sails from this world ; The mothership, stave two / Clarissa Pinkola Ests -- On maturity / Maya Angelou</subfield>
    </datafield>
    <datafield tag="546" ind1=" " ind2=" ">
      <subfield code="a">Sngtext p engelska, sngtexten ven separat</subfield>
    </datafield>
    <datafield tag="600" ind1="1" ind2="0">
      <subfield code="a">Angelou, Maya</subfield>
      <subfield code="v">Musical settings.</subfield>
      <subfield code="1">http://viaf.org/viaf/7386077</subfield>
    </datafield>
    <datafield tag="600" ind1="1" ind2="0">
      <subfield code="a">Ests, Clarissa Pinkola</subfield>
      <subfield code="v">Musical settings.</subfield>
      <subfield code="1">http://viaf.org/viaf/84024617</subfield>
    </datafield>
    <datafield tag="600" ind1="1" ind2="0">
      <subfield code="a">Morrison, Toni,</subfield>
      <subfield code="d">1931-</subfield>
      <subfield code="v">Musical settings.</subfield>
      <subfield code="1">http://viaf.org/viaf/109406177</subfield>
    </datafield>
    <datafield tag="655" ind1=" " ind2="7">
      <subfield code="a">Rst och instrumentalensemble</subfield>
      <subfield code="1">https://id.kb.se/term/saogf/R%C3%B6st%20och%20instrumentalensemble</subfield>
      <subfield code="2">saogf</subfield>
    </datafield>
    <datafield tag="700" ind1="1" ind2=" ">
      <subfield code="a">Angelou, Maya</subfield>
      <subfield code="1">http://viaf.org/viaf/7386077</subfield>
      <subfield code="4">lyr</subfield>
      <subfield code="1">https://libris.kb.se/tr579xfc059451k#it</subfield>
    </datafield>
    <datafield tag="700" ind1="1" ind2=" ">
      <subfield code="a">Ests, Clarissa Pinkola</subfield>
      <subfield code="1">http://viaf.org/viaf/84024617</subfield>
      <subfield code="4">lyr</subfield>
      <subfield code="1">https://libris.kb.se/hftwqz2111pn89d#it</subfield>
    </datafield>
    <datafield tag="700" ind1="1" ind2=" ">
      <subfield code="a">Morrison, Toni,</subfield>
      <subfield code="d">1931-</subfield>
      <subfield code="4">lyr</subfield>
      <subfield code="1">http://viaf.org/viaf/109406177</subfield>
      <subfield code="1">https://libris.kb.se/20dgh8ml174s5w3#it</subfield>
    </datafield>
  </record>