
  <record>
    <leader>06213cam a22009617i 4500</leader>
    <controlfield tag="001">21549191</controlfield>
    <controlfield tag="003">LIBRIS</controlfield>
    <controlfield tag="005">20190108132825.0</controlfield>
    <controlfield tag="008">170918s2017    mau|||||||||||000 0|eng|c</controlfield>
    <datafield tag="020" ind1=" " ind2=" ">
      <subfield code="a">9780674976450</subfield>
      <subfield code="q">inbunden</subfield>
    </datafield>
    <datafield tag="035" ind1=" " ind2=" ">
      <subfield code="a">(BOKR)9780674976450</subfield>
    </datafield>
    <datafield tag="040" ind1=" " ind2=" ">
      <subfield code="a">BOKR</subfield>
      <subfield code="b">eng</subfield>
      <subfield code="d">Nob</subfield>
      <subfield code="d">U</subfield>
      <subfield code="d">G</subfield>
      <subfield code="e">i</subfield>
      <subfield code="e">rda</subfield>
    </datafield>
    <datafield tag="041" ind1=" " ind2=" ">
      <subfield code="a">eng</subfield>
    </datafield>
    <datafield tag="042" ind1=" " ind2=" ">
      <subfield code="9">KVIN</subfield>
    </datafield>
    <datafield tag="082" ind1="0" ind2="4">
      <subfield code="a">808.84</subfield>
      <subfield code="2">23</subfield>
    </datafield>
    <datafield tag="083" ind1="0" ind2=" ">
      <subfield code="a">973.0496073</subfield>
      <subfield code="2">23</subfield>
    </datafield>
    <datafield tag="100" ind1="1" ind2=" ">
      <subfield code="a">Morrison, Toni,</subfield>
      <subfield code="d">1931-</subfield>
      <subfield code="1">http://viaf.org/viaf/109406177</subfield>
      <subfield code="4">aut</subfield>
      <subfield code="1">https://libris.kb.se/20dgh8ml174s5w3#it</subfield>
    </datafield>
    <datafield tag="240" ind1="1" ind2="0">
      <subfield code="a">The Origin of Others</subfield>
      <subfield code="1">http://viaf.org/viaf/4324152139987711100000</subfield>
      <subfield code="l">eng</subfield>
    </datafield>
    <datafield tag="245" ind1="1" ind2="4">
      <subfield code="a">The origin of others /</subfield>
      <subfield code="c">Toni Morrison ; with a foreword by Ta-Nehisi Coates.</subfield>
    </datafield>
    <datafield tag="264" ind1=" " ind2="1">
      <subfield code="a">Cambridge, Massachusetts :</subfield>
      <subfield code="b">Harvard University Press,</subfield>
      <subfield code="c">2017</subfield>
    </datafield>
    <datafield tag="300" ind1=" " ind2=" ">
      <subfield code="a">xvii, 114 pages</subfield>
      <subfield code="c">19 cm</subfield>
    </datafield>
    <datafield tag="336" ind1=" " ind2=" ">
      <subfield code="a">text</subfield>
      <subfield code="b">txt</subfield>
      <subfield code="1">http://rdaregistry.info/termList/RDAContentType/1020</subfield>
      <subfield code="2">rdacontent</subfield>
    </datafield>
    <datafield tag="337" ind1=" " ind2=" ">
      <subfield code="a">unmediated</subfield>
      <subfield code="b">n</subfield>
      <subfield code="1">http://rdaregistry.info/termList/RDAMediaType/1007</subfield>
      <subfield code="2">rdamedia</subfield>
    </datafield>
    <datafield tag="338" ind1=" " ind2=" ">
      <subfield code="a">volume</subfield>
      <subfield code="b">nc</subfield>
      <subfield code="1">http://rdaregistry.info/termList/RDACarrierType/1049</subfield>
      <subfield code="2">rdacarrier</subfield>
    </datafield>
    <datafield tag="340" ind1=" " ind2=" ">
      <subfield code="b">19 cm</subfield>
    </datafield>
    <datafield tag="490" ind1="1" ind2=" ">
      <subfield code="a">The Charles Eliot Norton lectures</subfield>
    </datafield>
    <datafield tag="505" ind1="8" ind2=" ">
      <subfield code="t">Foreword /</subfield>
      <subfield code="r">by Ta-Nehisi Coates --</subfield>
      <subfield code="t">Romancing slavery --</subfield>
      <subfield code="t">Being or becoming the stranger --</subfield>
      <subfield code="t">The color fetish --</subfield>
      <subfield code="t">Configurations of blackness --</subfield>
      <subfield code="t">Narrating the other --</subfield>
      <subfield code="t">The foreigner's home.</subfield>
    </datafield>
    <datafield tag="520" ind1="8" ind2=" ">
      <subfield code="a">America's foremost novelist reflects on the themes that preoccupy her work and increasingly dominate national and world politics: race, fear, borders, the mass movement of peoples, the desire for belonging. What is race and why does it matter? What motivates the human tendency to construct Others? Why does the presence of Others make us so afraid? Drawing on her Norton Lectures, Toni Morrison takes up these and other vital questions bearing on identity in The Origin of Others. In her search for answers, the novelist considers her own memories as well as history, politics, and especially literature. Harriet Beecher Stowe, Ernest Hemingway, William Faulkner, Flannery O'Connor, and Camara Laye are among the authors she examines. Readers of Morrison's fiction will welcome her discussions of some of her most celebrated books--Beloved, Paradise, and A Mercy. If we learn racism by example, then literature plays an important part in the history of race in America, both negatively and positively. Morrison writes about nineteenth-century literary efforts to romance slavery, contrasting them with the scientific racism of Samuel Cartwright and the banal diaries of the plantation overseer and slaveholder Thomas Thistlewood. She looks at configurations of blackness, notions of racial purity, and the ways in which literature employs skin color to reveal character or drive narrative. Expanding the scope of her concern, she also addresses globalization and the mass movement of peoples in this century. National Book Award winner Ta-Nehisi Coates provides a foreword to Morrison's most personal work of nonfiction to date.</subfield>
    </datafield>
    <datafield tag="650" ind1=" " ind2="7">
      <subfield code="a">Ras</subfield>
      <subfield code="1">https://id.kb.se/term/sao/Ras</subfield>
      <subfield code="2">sao</subfield>
    </datafield>
    <datafield tag="650" ind1=" " ind2="7">
      <subfield code="a">Rasdiskriminering</subfield>
      <subfield code="1">https://id.kb.se/term/sao/Rasdiskriminering</subfield>
      <subfield code="2">sao</subfield>
    </datafield>
    <datafield tag="650" ind1=" " ind2="7">
      <subfield code="a">Rasism i litteraturen</subfield>
      <subfield code="1">https://id.kb.se/term/sao/Rasism%20i%20litteraturen</subfield>
      <subfield code="2">sao</subfield>
    </datafield>
    <datafield tag="650" ind1=" " ind2="0">
      <subfield code="a">Race in literature.</subfield>
    </datafield>
    <datafield tag="650" ind1=" " ind2="0">
      <subfield code="a">Racism in literature</subfield>
    </datafield>
    <datafield tag="650" ind1=" " ind2="0">
      <subfield code="a">Race</subfield>
      <subfield code="v">Addresses, essays, lectures.</subfield>
    </datafield>
    <datafield tag="650" ind1=" " ind2="0">
      <subfield code="a">Race discrimination</subfield>
      <subfield code="z">United States.</subfield>
    </datafield>
    <datafield tag="650" ind1=" " ind2="7">
      <subfield code="a">Litteraturvetenskap</subfield>
      <subfield code="2">kao</subfield>
    </datafield>
    <datafield tag="650" ind1=" " ind2="7">
      <subfield code="a">Rasifiering</subfield>
      <subfield code="2">kao</subfield>
    </datafield>
    <datafield tag="650" ind1=" " ind2="7">
      <subfield code="a">Svarta</subfield>
      <subfield code="2">kao</subfield>
    </datafield>
    <datafield tag="650" ind1=" " ind2="7">
      <subfield code="a">Svarta mn</subfield>
      <subfield code="2">kao</subfield>
    </datafield>
    <datafield tag="650" ind1=" " ind2="7">
      <subfield code="a">Blacks</subfield>
      <subfield code="2">kao//eng</subfield>
    </datafield>
    <datafield tag="650" ind1=" " ind2="7">
      <subfield code="a">Blacks: men</subfield>
      <subfield code="2">ko//eng</subfield>
    </datafield>
    <datafield tag="650" ind1=" " ind2="7">
      <subfield code="a">Literary studies</subfield>
      <subfield code="2">kao//eng</subfield>
    </datafield>
    <datafield tag="650" ind1=" " ind2="7">
      <subfield code="a">Racialization</subfield>
      <subfield code="2">kao//eng</subfield>
    </datafield>
    <datafield tag="650" ind1=" " ind2="7">
      <subfield code="a">Frfattare</subfield>
      <subfield code="z">Frenta Staterna</subfield>
      <subfield code="y">1900-talet</subfield>
      <subfield code="y">2000-talet</subfield>
      <subfield code="2">kao</subfield>
    </datafield>
    <datafield tag="650" ind1=" " ind2="7">
      <subfield code="a">Authors</subfield>
      <subfield code="z">United States</subfield>
      <subfield code="y">20th century</subfield>
      <subfield code="y">21st century</subfield>
      <subfield code="2">kao//eng</subfield>
    </datafield>
    <datafield tag="650" ind1=" " ind2="0">
      <subfield code="a">Racism in literature</subfield>
    </datafield>
    <datafield tag="650" ind1=" " ind2="0">
      <subfield code="a">Race discrimination</subfield>
    </datafield>
    <datafield tag="651" ind1=" " ind2="4">
      <subfield code="a">Frenta staterna</subfield>
      <subfield code="1">https://libris.kb.se/xv8b9vvg52nbbxp#it</subfield>
    </datafield>
    <datafield tag="655" ind1=" " ind2="4">
      <subfield code="1">https://id.kb.se/marc/NotFictionNotFurtherSpecified</subfield>
    </datafield>
    <datafield tag="700" ind1="1" ind2=" ">
      <subfield code="a">Coates, Ta-Nehisi</subfield>
      <subfield code="1">http://viaf.org/viaf/63473922</subfield>
      <subfield code="4">aui</subfield>
    </datafield>
    <datafield tag="830" ind1=" " ind2="0">
      <subfield code="a">Charles Eliot Norton lectures</subfield>
    </datafield>
  </record>