
  <record>
    <leader>02200cim a22004457a 4500</leader>
    <controlfield tag="001">13518792</controlfield>
    <controlfield tag="003">LIBRIS</controlfield>
    <controlfield tag="005">20170503195236.0</controlfield>
    <controlfield tag="007">sd |||||||||||         </controlfield>
    <controlfield tag="008">120904s2011    xxknnnne|||||||f  n eng|c</controlfield>
    <datafield tag="024" ind1="7" ind2=" ">
      <subfield code="a">C03894</subfield>
      <subfield code="2">MTM medienummer</subfield>
    </datafield>
    <datafield tag="035" ind1=" " ind2=" ">
      <subfield code="a">(MTM)C03894</subfield>
    </datafield>
    <datafield tag="035" ind1=" " ind2=" ">
      <subfield code="5">Mtm</subfield>
      <subfield code="a">(MTM)C03894</subfield>
    </datafield>
    <datafield tag="040" ind1=" " ind2=" ">
      <subfield code="a">Mtm</subfield>
      <subfield code="e">a</subfield>
    </datafield>
    <datafield tag="041" ind1="0" ind2=" ">
      <subfield code="a">eng</subfield>
    </datafield>
    <datafield tag="042" ind1=" " ind2=" ">
      <subfield code="9">Mtm</subfield>
    </datafield>
    <datafield tag="046" ind1=" " ind2=" ">
      <subfield code="a">m</subfield>
      <subfield code="m">20000101</subfield>
      <subfield code="n">20000301</subfield>
    </datafield>
    <datafield tag="082" ind1="0" ind2="4">
      <subfield code="a">823</subfield>
      <subfield code="2">22 (machine generated)</subfield>
    </datafield>
    <datafield tag="084" ind1=" " ind2=" ">
      <subfield code="a">He.01/TC</subfield>
      <subfield code="2">kssb/8</subfield>
    </datafield>
    <datafield tag="100" ind1="1" ind2=" ">
      <subfield code="a">Morrison, Toni</subfield>
      <subfield code="1">http://viaf.org/viaf/109406177</subfield>
      <subfield code="4">aut</subfield>
    </datafield>
    <datafield tag="240" ind1="0" ind2="2">
      <subfield code="a">A mercy</subfield>
      <subfield code="0">http://viaf.org/viaf/245474949</subfield>
    </datafield>
    <datafield tag="245" ind1="1" ind2="2">
      <subfield code="a">A mercy</subfield>
      <subfield code="h">[Ljudupptagning] /</subfield>
      <subfield code="c">Toni Morrison.</subfield>
    </datafield>
    <datafield tag="264" ind1=" " ind2="1">
      <subfield code="a">Peterborough :</subfield>
      <subfield code="b">Royal National Institute for the Blind,</subfield>
      <subfield code="c">2011</subfield>
    </datafield>
    <datafield tag="300" ind1=" " ind2=" ">
      <subfield code="a">1 CD-R (5 tim., 29 min.)</subfield>
      <subfield code="b">mono</subfield>
    </datafield>
    <datafield tag="336" ind1=" " ind2=" ">
      <subfield code="a">spoken word</subfield>
      <subfield code="b">spw</subfield>
      <subfield code="0">http://rdaregistry.info/termList/RDAContentType/1013</subfield>
      <subfield code="2">rdacontent</subfield>
    </datafield>
    <datafield tag="337" ind1=" " ind2=" ">
      <subfield code="a">audio</subfield>
      <subfield code="b">s</subfield>
      <subfield code="0">http://rdaregistry.info/termList/RDAMediaType/1001</subfield>
      <subfield code="2">rdamedia</subfield>
    </datafield>
    <datafield tag="336" ind1=" " ind2=" ">
      <subfield code="a">spoken word</subfield>
      <subfield code="b">spw</subfield>
      <subfield code="1">http://rdaregistry.info/termList/RDAContentType/1013</subfield>
      <subfield code="2">rdacontent</subfield>
    </datafield>
    <datafield tag="337" ind1=" " ind2=" ">
      <subfield code="a">audio</subfield>
      <subfield code="b">s</subfield>
      <subfield code="1">http://rdaregistry.info/termList/RDAMediaType/1001</subfield>
      <subfield code="2">rdamedia</subfield>
    </datafield>
    <datafield tag="338" ind1="1" ind2="0">
      <subfield code="a">online resource</subfield>
      <subfield code="b">cr</subfield>
      <subfield code="1">http://rdaregistry.info/termList/RDACarrierType </subfield>
      <subfield code="2">rdacarrier</subfield>
    </datafield>
    <datafield tag="500" ind1=" " ind2=" ">
      <subfield code="a">Digital talbok (DAISY 2.02), ljud</subfield>
    </datafield>
    <datafield tag="500" ind1=" " ind2=" ">
      <subfield code="a">Inlst ur: Vintage, 2009. ISBN 9780099502548, 0099502542</subfield>
    </datafield>
    <datafield tag="506" ind1="1" ind2=" ">
      <subfield code="a">Tillgnglig fr personer med lsnedsttning enligt  17 Upphovsrttslagen</subfield>
      <subfield code="u">http://www.mtm.se/om-oss/uppdrag-och-lagar/upphovsrattslagen/</subfield>
    </datafield>
    <datafield tag="520" ind1=" " ind2=" ">
      <subfield code="a">Jacob Vaark ger en liten firma i norra Virginia och r ocks agent fr Vstindiska kompaniet. Trots sin avsky fr mnniskohandeln tar ha en liten slavlicka som delbetalning fr en skuld av en portugisisk tobaksodlare. Det r Florens, som ftt lra sig rkna och skriva och kan vara till nytta p hans grd. En berttelse frn slutet av 1600-talet, d slaveriet nnu inte var satt i system</subfield>
    </datafield>
    <datafield tag="599" ind1=" " ind2=" ">
      <subfield code="a">MTM MarcRecordId: 192349</subfield>
    </datafield>
    <datafield tag="599" ind1=" " ind2=" ">
      <subfield code="5">Mtm</subfield>
      <subfield code="a">Posten ndrad i Legimus 20190225</subfield>
    </datafield>
    <datafield tag="655" ind1=" " ind2="4">
      <subfield code="a">DAISY</subfield>
    </datafield>
    <datafield tag="700" ind1="1" ind2=" ">
      <subfield code="a">Andoh, Adjoa</subfield>
      <subfield code="4">nrt</subfield>
    </datafield>
    <datafield tag="776" ind1="0" ind2="8">
      <subfield code="i">Inlst ur</subfield>
      <subfield code="t">A mercy</subfield>
      <subfield code="z">9780099502548</subfield>
    </datafield>
    <datafield tag="841" ind1=" " ind2=" ">
      <subfield code="5">Mtm</subfield>
      <subfield code="a">x  a</subfield>
      <subfield code="b">120904||0000|||||000||||||000000</subfield>
      <subfield code="e">1</subfield>
    </datafield>
    <datafield tag="852" ind1=" " ind2=" ">
      <subfield code="5">Mtm</subfield>
      <subfield code="b">Mtm</subfield>
      <subfield code="h">He/TC</subfield>
    </datafield>
    <datafield tag="856" ind1="4" ind2="0">
      <subfield code="5">Mtm</subfield>
      <subfield code="u">http://www.legimus.se/work/redirect?MedieNr=C03894</subfield>
      <subfield code="z">Ladda ner. Tillgnglig fr personer med lsnedsttning enligt  17 Upphovsrttslagen</subfield>
    </datafield>
    <datafield tag="886" ind1="0" ind2=" ">
      <subfield code="2">BURK IV</subfield>
      <subfield code="b">KICAGBSWP027ENGU BD</subfield>
    </datafield>
    <datafield tag="887" ind1=" " ind2=" ">
      <subfield code="a">{"@id":"2ldhq28d17c732l","modified":"2017-05-03T19:52:36+02:00","checksum":"59814591710"}</subfield>
      <subfield code="2">librisxl</subfield>
    </datafield>
    <datafield tag="887" ind1=" " ind2=" ">
      <subfield code="5">Mtm</subfield>
      <subfield code="a">{"@id":"jnv9582p4gzffsq","modified":"2019-03-07T11:08:42.08+01:00","checksum":"27980126535"}</subfield>
      <subfield code="2">librisxl</subfield>
    </datafield>
    <datafield tag="976" ind1="0" ind2=" ">
      <subfield code="a">He.01</subfield>
      <subfield code="b">Sknlitteratur: engelska: romaner och noveller</subfield>
    </datafield>
  </record>