
  <record>
    <leader>04997cam a22012017a 4500</leader>
    <controlfield tag="001">13502637</controlfield>
    <controlfield tag="003">LIBRIS</controlfield>
    <controlfield tag="005">20131128100411.0</controlfield>
    <controlfield tag="008">120813s2012    xxk||||      |00| f|eng c</controlfield>
    <datafield tag="020" ind1=" " ind2=" ">
      <subfield code="a">978-0-7011-8607-4</subfield>
    </datafield>
    <datafield tag="035" ind1=" " ind2=" ">
      <subfield code="5">H</subfield>
      <subfield code="a">DAW22866571</subfield>
    </datafield>
    <datafield tag="040" ind1=" " ind2=" ">
      <subfield code="a">Sunn</subfield>
    </datafield>
    <datafield tag="082" ind1="0" ind2="4">
      <subfield code="a">813.54</subfield>
      <subfield code="2">23</subfield>
    </datafield>
    <datafield tag="084" ind1=" " ind2=" ">
      <subfield code="a">He</subfield>
      <subfield code="2">kssb/8</subfield>
    </datafield>
    <datafield tag="100" ind1="1" ind2=" ">
      <subfield code="a">Morrison, Toni,</subfield>
      <subfield code="d">1931-</subfield>
      <subfield code="1">http://viaf.org/viaf/109406177</subfield>
      <subfield code="4">aut</subfield>
    </datafield>
    <datafield tag="240" ind1="0" ind2="0">
      <subfield code="a">Home</subfield>
      <subfield code="1">http://viaf.org/viaf/308169262</subfield>
    </datafield>
    <datafield tag="245" ind1="1" ind2="0">
      <subfield code="a">Home /</subfield>
      <subfield code="c">Toni Morrison</subfield>
    </datafield>
    <datafield tag="260" ind1=" " ind2=" ">
      <subfield code="a">London :</subfield>
      <subfield code="b">Chatto &amp; Windus,</subfield>
      <subfield code="c">2012</subfield>
    </datafield>
    <datafield tag="300" ind1=" " ind2=" ">
      <subfield code="a">145 p.</subfield>
    </datafield>
    <datafield tag="336" ind1=" " ind2=" ">
      <subfield code="a">text</subfield>
      <subfield code="b">txt</subfield>
      <subfield code="0">http://rdaregistry.info/termList/RDAContentType/1020</subfield>
      <subfield code="2">rdacontent</subfield>
    </datafield>
    <datafield tag="337" ind1=" " ind2=" ">
      <subfield code="a">unmediated</subfield>
      <subfield code="b">n</subfield>
      <subfield code="0">http://rdaregistry.info/termList/RDAMediaType/1007</subfield>
      <subfield code="2">rdamedia</subfield>
    </datafield>
    <datafield tag="338" ind1="1" ind2="0">
      <subfield code="a">volume</subfield>
      <subfield code="b">nc</subfield>
      <subfield code="0">http://rdaregistry.info/termList/RDACarrierType/1049</subfield>
      <subfield code="2">rdacarrier</subfield>
    </datafield>
    <datafield tag="599" ind1=" " ind2=" ">
      <subfield code="a">Dawson</subfield>
    </datafield>
    <datafield tag="650" ind1=" " ind2="7">
      <subfield code="a">Koreakriget 1950-1953</subfield>
      <subfield code="2">sao</subfield>
      <subfield code="0">151066</subfield>
    </datafield>
    <datafield tag="650" ind1=" " ind2="0">
      <subfield code="a">Korean War, 1950-1953</subfield>
      <subfield code="x">Veterans</subfield>
      <subfield code="z">United States</subfield>
      <subfield code="v">Fiction.</subfield>
    </datafield>
    <datafield tag="650" ind1=" " ind2="0">
      <subfield code="a">Korean War, 1950-1953</subfield>
    </datafield>
    <datafield tag="655" ind1=" " ind2="7">
      <subfield code="a">Sknlitteratur</subfield>
      <subfield code="2">saogf</subfield>
      <subfield code="0">353512</subfield>
    </datafield>
    <datafield tag="841" ind1=" " ind2=" ">
      <subfield code="5">G</subfield>
      <subfield code="a">x  a</subfield>
      <subfield code="b">120831||    |||||001||||||000000</subfield>
      <subfield code="e">1</subfield>
    </datafield>
    <datafield tag="841" ind1=" " ind2=" ">
      <subfield code="5">H</subfield>
      <subfield code="a">x  a</subfield>
      <subfield code="b">120907||0000|||||001||||||000000</subfield>
      <subfield code="e">1</subfield>
    </datafield>
    <datafield tag="841" ind1=" " ind2=" ">
      <subfield code="5">Kssb</subfield>
      <subfield code="a">x  a</subfield>
      <subfield code="b">1209240u    0   4000uu   |000000</subfield>
      <subfield code="e">1</subfield>
    </datafield>
    <datafield tag="841" ind1=" " ind2=" ">
      <subfield code="5">Lobj</subfield>
      <subfield code="a">u  a</subfield>
      <subfield code="b">150622||0000|||||001||||||000000</subfield>
      <subfield code="e">1</subfield>
    </datafield>
    <datafield tag="841" ind1=" " ind2=" ">
      <subfield code="5">Mo</subfield>
      <subfield code="a">x  a</subfield>
      <subfield code="b">120917||0000|||||000||||||000000</subfield>
      <subfield code="e">1</subfield>
    </datafield>
    <datafield tag="841" ind1=" " ind2=" ">
      <subfield code="5">Nmfb</subfield>
      <subfield code="a">x  a</subfield>
      <subfield code="b">1208284u    8   1001uu   0901128</subfield>
      <subfield code="e">4</subfield>
    </datafield>
    <datafield tag="841" ind1=" " ind2=" ">
      <subfield code="5">Q</subfield>
      <subfield code="a">x  a</subfield>
      <subfield code="b">1311284u    8   1001uu   0901128</subfield>
      <subfield code="e">4</subfield>
    </datafield>
    <datafield tag="841" ind1=" " ind2=" ">
      <subfield code="5">Sunn</subfield>
      <subfield code="a">x  a</subfield>
      <subfield code="b">1208134u    8   1001uu   0901128</subfield>
      <subfield code="e">4</subfield>
    </datafield>
    <datafield tag="841" ind1=" " ind2=" ">
      <subfield code="5">Udd</subfield>
      <subfield code="a">x aa</subfield>
      <subfield code="b">120905||0000|||||000||||||000000</subfield>
      <subfield code="e">n</subfield>
    </datafield>
    <datafield tag="852" ind1=" " ind2=" ">
      <subfield code="5">G</subfield>
      <subfield code="b">G</subfield>
      <subfield code="h">810</subfield>
      <subfield code="j">12/234</subfield>
      <subfield code="x">G12k</subfield>
    </datafield>
    <datafield tag="852" ind1="8" ind2=" ">
      <subfield code="5">H</subfield>
      <subfield code="b">H</subfield>
    </datafield>
    <datafield tag="852" ind1=" " ind2=" ">
      <subfield code="5">Kssb</subfield>
      <subfield code="b">Kssb</subfield>
      <subfield code="h">He</subfield>
    </datafield>
    <datafield tag="852" ind1=" " ind2=" ">
      <subfield code="5">Lobj</subfield>
      <subfield code="b">Lobj</subfield>
      <subfield code="h">He</subfield>
    </datafield>
    <datafield tag="852" ind1=" " ind2=" ">
      <subfield code="5">Mo</subfield>
      <subfield code="b">Mo</subfield>
    </datafield>
    <datafield tag="852" ind1=" " ind2=" ">
      <subfield code="5">Nmfb</subfield>
      <subfield code="b">Nmfb</subfield>
      <subfield code="h">18.4 Morrison</subfield>
    </datafield>
    <datafield tag="852" ind1="8" ind2=" ">
      <subfield code="5">Q</subfield>
      <subfield code="b">Q</subfield>
      <subfield code="c">sddk</subfield>
      <subfield code="h">Skn 813. 54 Mor</subfield>
    </datafield>
    <datafield tag="852" ind1=" " ind2=" ">
      <subfield code="5">Sunn</subfield>
      <subfield code="b">Sunn</subfield>
      <subfield code="h">He</subfield>
    </datafield>
    <datafield tag="852" ind1=" " ind2=" ">
      <subfield code="5">Udd</subfield>
      <subfield code="b">Udd</subfield>
      <subfield code="h">He</subfield>
    </datafield>
    <datafield tag="900" ind1="1" ind2="s">
      <subfield code="6">100</subfield>
      <subfield code="a">Morrison, Chloe Anthony,</subfield>
      <subfield code="d">1931-</subfield>
      <subfield code="u">Morrison, Toni,</subfield>
      <subfield code="d">1931-</subfield>
    </datafield>
    <datafield tag="950" ind1=" " ind2="s">
      <subfield code="6">655</subfield>
      <subfield code="a">Fiktionslitteratur</subfield>
      <subfield code="u">Sknlitteratur</subfield>
    </datafield>
    <datafield tag="950" ind1=" " ind2="k">
      <subfield code="6">655</subfield>
      <subfield code="w">h</subfield>
      <subfield code="a">Sknlitteratur som historiska kllor</subfield>
      <subfield code="u">Sknlitteratur</subfield>
    </datafield>
    <datafield tag="955" ind1=" " ind2="k">
      <subfield code="6">655</subfield>
      <subfield code="w">h</subfield>
      <subfield code="a">Allegorier</subfield>
      <subfield code="u">Sknlitteratur</subfield>
    </datafield>
    <datafield tag="955" ind1=" " ind2="k">
      <subfield code="6">655</subfield>
      <subfield code="w">h</subfield>
      <subfield code="a">Arbetarskildringar</subfield>
      <subfield code="u">Sknlitteratur</subfield>
    </datafield>
    <datafield tag="955" ind1=" " ind2="k">
      <subfield code="6">655</subfield>
      <subfield code="w">h</subfield>
      <subfield code="a">Barndomsskildringar</subfield>
      <subfield code="u">Sknlitteratur</subfield>
    </datafield>
    <datafield tag="955" ind1=" " ind2="k">
      <subfield code="6">655</subfield>
      <subfield code="w">h</subfield>
      <subfield code="a">Biografiska skildringar</subfield>
      <subfield code="u">Sknlitteratur</subfield>
    </datafield>
    <datafield tag="955" ind1=" " ind2="k">
      <subfield code="6">655</subfield>
      <subfield code="w">h</subfield>
      <subfield code="a">Chick lit</subfield>
      <subfield code="u">Sknlitteratur</subfield>
    </datafield>
    <datafield tag="955" ind1=" " ind2="k">
      <subfield code="6">655</subfield>
      <subfield code="w">h</subfield>
      <subfield code="a">Deckare</subfield>
      <subfield code="u">Sknlitteratur</subfield>
    </datafield>
    <datafield tag="955" ind1=" " ind2="k">
      <subfield code="6">655</subfield>
      <subfield code="w">h</subfield>
      <subfield code="a">Dialektlitteratur</subfield>
      <subfield code="u">Sknlitteratur</subfield>
    </datafield>
    <datafield tag="955" ind1=" " ind2="k">
      <subfield code="6">655</subfield>
      <subfield code="w">h</subfield>
      <subfield code="a">Djurskildringar</subfield>
      <subfield code="u">Sknlitteratur</subfield>
    </datafield>
    <datafield tag="955" ind1=" " ind2="k">
      <subfield code="6">655</subfield>
      <subfield code="w">h</subfield>
      <subfield code="a">Dokumentra skildringar</subfield>
      <subfield code="u">Sknlitteratur</subfield>
    </datafield>
    <datafield tag="955" ind1=" " ind2="k">
      <subfield code="6">655</subfield>
      <subfield code="w">h</subfield>
      <subfield code="a">Dramatik</subfield>
      <subfield code="u">Sknlitteratur</subfield>
    </datafield>
    <datafield tag="955" ind1=" " ind2="k">
      <subfield code="6">655</subfield>
      <subfield code="w">h</subfield>
      <subfield code="a">Episka skildringar</subfield>
      <subfield code="u">Sknlitteratur</subfield>
    </datafield>
    <datafield tag="955" ind1=" " ind2="k">
      <subfield code="6">655</subfield>
      <subfield code="w">h</subfield>
      <subfield code="a">Erotiska skildringar</subfield>
      <subfield code="u">Sknlitteratur</subfield>
    </datafield>
    <datafield tag="955" ind1=" " ind2="k">
      <subfield code="6">655</subfield>
      <subfield code="w">h</subfield>
      <subfield code="a">Esser</subfield>
      <subfield code="u">Sknlitteratur</subfield>
    </datafield>
    <datafield tag="955" ind1=" " ind2="k">
      <subfield code="6">655</subfield>
      <subfield code="w">h</subfield>
      <subfield code="a">Experimentell sknlitteratur</subfield>
      <subfield code="u">Sknlitteratur</subfield>
    </datafield>
    <datafield tag="955" ind1=" " ind2="k">
      <subfield code="6">655</subfield>
      <subfield code="w">h</subfield>
      <subfield code="a">Fabler</subfield>
      <subfield code="u">Sknlitteratur</subfield>
    </datafield>
    <datafield tag="955" ind1=" " ind2="k">
      <subfield code="6">655</subfield>
      <subfield code="w">h</subfield>
      <subfield code="a">Familjeskildringar</subfield>
      <subfield code="u">Sknlitteratur</subfield>
    </datafield>
    <datafield tag="955" ind1=" " ind2="k">
      <subfield code="6">655</subfield>
      <subfield code="w">h</subfield>
      <subfield code="a">Fanfiction</subfield>
      <subfield code="u">Sknlitteratur</subfield>
    </datafield>
    <datafield tag="955" ind1=" " ind2="k">
      <subfield code="6">655</subfield>
      <subfield code="w">h</subfield>
      <subfield code="a">Fantasy</subfield>
      <subfield code="u">Sknlitteratur</subfield>
    </datafield>
    <datafield tag="955" ind1=" " ind2="k">
      <subfield code="6">655</subfield>
      <subfield code="w">h</subfield>
      <subfield code="a">Feelgood</subfield>
      <subfield code="u">Sknlitteratur</subfield>
    </datafield>
    <datafield tag="955" ind1=" " ind2="k">
      <subfield code="6">655</subfield>
      <subfield code="w">h</subfield>
      <subfield code="a">Folkdiktning</subfield>
      <subfield code="u">Sknlitteratur</subfield>
    </datafield>
    <datafield tag="955" ind1=" " ind2="k">
      <subfield code="6">655</subfield>
      <subfield code="w">h</subfield>
      <subfield code="a">Framtidsskildringar</subfield>
      <subfield code="u">Sknlitteratur</subfield>
    </datafield>
    <datafield tag="955" ind1=" " ind2="k">
      <subfield code="6">655</subfield>
      <subfield code="w">h</subfield>
      <subfield code="a">Fljetonger</subfield>
      <subfield code="u">Sknlitteratur</subfield>
    </datafield>
    <datafield tag="955" ind1=" " ind2="k">
      <subfield code="6">655</subfield>
      <subfield code="w">h</subfield>
      <subfield code="a">Herdediktning</subfield>
      <subfield code="u">Sknlitteratur</subfield>
    </datafield>
    <datafield tag="955" ind1=" " ind2="k">
      <subfield code="6">655</subfield>
      <subfield code="w">h</subfield>
      <subfield code="a">Historiska skildringar</subfield>
      <subfield code="u">Sknlitteratur</subfield>
    </datafield>
    <datafield tag="955" ind1=" " ind2="k">
      <subfield code="6">655</subfield>
      <subfield code="w">h</subfield>
      <subfield code="a">Humor</subfield>
      <subfield code="u">Sknlitteratur</subfield>
    </datafield>
    <datafield tag="955" ind1=" " ind2="k">
      <subfield code="6">655</subfield>
      <subfield code="w">h</subfield>
      <subfield code="a">Kontrafaktisk historia</subfield>
      <subfield code="u">Sknlitteratur</subfield>
    </datafield>
    <datafield tag="955" ind1=" " ind2="k">
      <subfield code="6">655</subfield>
      <subfield code="w">h</subfield>
      <subfield code="a">Krigsskildringar</subfield>
      <subfield code="u">Sknlitteratur</subfield>
    </datafield>
    <datafield tag="955" ind1=" " ind2="k">
      <subfield code="6">655</subfield>
      <subfield code="w">h</subfield>
      <subfield code="a">Krleksskildringar</subfield>
      <subfield code="u">Sknlitteratur</subfield>
    </datafield>
    <datafield tag="955" ind1=" " ind2="k">
      <subfield code="6">655</subfield>
      <subfield code="w">h</subfield>
      <subfield code="a">Magisk realism</subfield>
      <subfield code="u">Sknlitteratur</subfield>
    </datafield>
    <datafield tag="955" ind1=" " ind2="k">
      <subfield code="6">655</subfield>
      <subfield code="w">h</subfield>
      <subfield code="a">Noveller</subfield>
      <subfield code="u">Sknlitteratur</subfield>
    </datafield>
    <datafield tag="955" ind1=" " ind2="k">
      <subfield code="6">655</subfield>
      <subfield code="w">h</subfield>
      <subfield code="a">Parafraser</subfield>
      <subfield code="u">Sknlitteratur</subfield>
    </datafield>
    <datafield tag="955" ind1=" " ind2="k">
      <subfield code="6">655</subfield>
      <subfield code="w">h</subfield>
      <subfield code="a">Parodier</subfield>
      <subfield code="u">Sknlitteratur</subfield>
    </datafield>
    <datafield tag="955" ind1=" " ind2="k">
      <subfield code="6">655</subfield>
      <subfield code="w">h</subfield>
      <subfield code="a">Pastischer</subfield>
      <subfield code="u">Sknlitteratur</subfield>
    </datafield>
    <datafield tag="955" ind1=" " ind2="k">
      <subfield code="6">655</subfield>
      <subfield code="w">h</subfield>
      <subfield code="a">Psykologiska skildringar</subfield>
      <subfield code="u">Sknlitteratur</subfield>
    </datafield>
    <datafield tag="955" ind1=" " ind2="k">
      <subfield code="6">655</subfield>
      <subfield code="w">h</subfield>
      <subfield code="a">Poesi</subfield>
      <subfield code="u">Sknlitteratur</subfield>
    </datafield>
    <datafield tag="955" ind1=" " ind2="k">
      <subfield code="6">655</subfield>
      <subfield code="w">h</subfield>
      <subfield code="a">Politiska skildringar</subfield>
      <subfield code="u">Sknlitteratur</subfield>
    </datafield>
    <datafield tag="955" ind1=" " ind2="k">
      <subfield code="6">655</subfield>
      <subfield code="w">h</subfield>
      <subfield code="a">Ramberttelser</subfield>
      <subfield code="u">Sknlitteratur</subfield>
    </datafield>
    <datafield tag="955" ind1=" " ind2="k">
      <subfield code="6">655</subfield>
      <subfield code="w">h</subfield>
      <subfield code="a">Relationsskildringar</subfield>
      <subfield code="u">Sknlitteratur</subfield>
    </datafield>
    <datafield tag="955" ind1=" " ind2="k">
      <subfield code="6">655</subfield>
      <subfield code="w">h</subfield>
      <subfield code="a">Religisa skildringar</subfield>
      <subfield code="u">Sknlitteratur</subfield>
    </datafield>
    <datafield tag="955" ind1=" " ind2="k">
      <subfield code="6">655</subfield>
      <subfield code="w">h</subfield>
      <subfield code="a">Riddardiktning</subfield>
      <subfield code="u">Sknlitteratur</subfield>
    </datafield>
    <datafield tag="955" ind1=" " ind2="k">
      <subfield code="6">655</subfield>
      <subfield code="w">h</subfield>
      <subfield code="a">Robinsonader</subfield>
      <subfield code="u">Sknlitteratur</subfield>
    </datafield>
    <datafield tag="955" ind1=" " ind2="k">
      <subfield code="6">655</subfield>
      <subfield code="w">h</subfield>
      <subfield code="a">Romaner</subfield>
      <subfield code="u">Sknlitteratur</subfield>
    </datafield>
    <datafield tag="955" ind1=" " ind2="k">
      <subfield code="6">655</subfield>
      <subfield code="w">h</subfield>
      <subfield code="a">Sagalitteratur</subfield>
      <subfield code="u">Sknlitteratur</subfield>
    </datafield>
    <datafield tag="955" ind1=" " ind2="k">
      <subfield code="6">655</subfield>
      <subfield code="w">h</subfield>
      <subfield code="a">Sagor</subfield>
      <subfield code="u">Sknlitteratur</subfield>
    </datafield>
    <datafield tag="955" ind1=" " ind2="k">
      <subfield code="6">655</subfield>
      <subfield code="w">h</subfield>
      <subfield code="a">Samhllskritiska skildringar</subfield>
      <subfield code="u">Sknlitteratur</subfield>
    </datafield>
    <datafield tag="955" ind1=" " ind2="k">
      <subfield code="6">655</subfield>
      <subfield code="w">h</subfield>
      <subfield code="a">Samhllsskildringar</subfield>
      <subfield code="u">Sknlitteratur</subfield>
    </datafield>
    <datafield tag="955" ind1=" " ind2="k">
      <subfield code="6">655</subfield>
      <subfield code="w">h</subfield>
      <subfield code="a">Satir</subfield>
      <subfield code="u">Sknlitteratur</subfield>
    </datafield>
    <datafield tag="955" ind1=" " ind2="k">
      <subfield code="6">655</subfield>
      <subfield code="w">h</subfield>
      <subfield code="a">Science fiction</subfield>
      <subfield code="u">Sknlitteratur</subfield>
    </datafield>
    <datafield tag="955" ind1=" " ind2="k">
      <subfield code="6">655</subfield>
      <subfield code="w">h</subfield>
      <subfield code="a">Sedeskildringar</subfield>
      <subfield code="u">Sknlitteratur</subfield>
    </datafield>
    <datafield tag="955" ind1=" " ind2="k">
      <subfield code="6">655</subfield>
      <subfield code="w">h</subfield>
      <subfield code="a">Sjukdomsskildringar</subfield>
      <subfield code="u">Sknlitteratur</subfield>
    </datafield>
    <datafield tag="955" ind1=" " ind2="k">
      <subfield code="6">655</subfield>
      <subfield code="w">h</subfield>
      <subfield code="a">Sjberttelser</subfield>
      <subfield code="u">Sknlitteratur</subfield>
    </datafield>
    <datafield tag="955" ind1=" " ind2="k">
      <subfield code="6">655</subfield>
      <subfield code="w">h</subfield>
      <subfield code="a">Skrck</subfield>
      <subfield code="u">Sknlitteratur</subfield>
    </datafield>
    <datafield tag="955" ind1=" " ind2="k">
      <subfield code="6">655</subfield>
      <subfield code="w">h</subfield>
      <subfield code="a">Slktskildringar</subfield>
      <subfield code="u">Sknlitteratur</subfield>
    </datafield>
    <datafield tag="955" ind1=" " ind2="k">
      <subfield code="6">655</subfield>
      <subfield code="w">h</subfield>
      <subfield code="a">Tecknade serier</subfield>
      <subfield code="u">Sknlitteratur</subfield>
    </datafield>
    <datafield tag="955" ind1=" " ind2="k">
      <subfield code="6">655</subfield>
      <subfield code="w">h</subfield>
      <subfield code="a">Thrillers</subfield>
      <subfield code="u">Sknlitteratur</subfield>
    </datafield>
    <datafield tag="955" ind1=" " ind2="k">
      <subfield code="6">655</subfield>
      <subfield code="w">h</subfield>
      <subfield code="a">Utopier</subfield>
      <subfield code="u">Sknlitteratur</subfield>
    </datafield>
    <datafield tag="955" ind1=" " ind2="k">
      <subfield code="6">655</subfield>
      <subfield code="w">h</subfield>
      <subfield code="a">Versberttelser</subfield>
      <subfield code="u">Sknlitteratur</subfield>
    </datafield>
    <datafield tag="955" ind1=" " ind2="k">
      <subfield code="6">655</subfield>
      <subfield code="w">h</subfield>
      <subfield code="a">Vsternskildringar</subfield>
      <subfield code="u">Sknlitteratur</subfield>
    </datafield>
    <datafield tag="955" ind1=" " ind2="k">
      <subfield code="6">655</subfield>
      <subfield code="w">h</subfield>
      <subfield code="a">ventyrsskildringar</subfield>
      <subfield code="u">Sknlitteratur</subfield>
    </datafield>
  </record>