
  <record>
    <leader>00718cam a22002297a 4500</leader>
    <controlfield tag="001">13433400</controlfield>
    <controlfield tag="003">LIBRIS</controlfield>
    <controlfield tag="005">20171215083628.0</controlfield>
    <controlfield tag="008">120530s2005    xxk |||      |00| f|eng c</controlfield>
    <datafield tag="020" ind1=" " ind2=" ">
      <subfield code="a">978-0-09-927393-6</subfield>
    </datafield>
    <datafield tag="040" ind1=" " ind2=" ">
      <subfield code="a">Hdf</subfield>
    </datafield>
    <datafield tag="082" ind1="0" ind2="4">
      <subfield code="a">813.54</subfield>
      <subfield code="2">23/swe</subfield>
    </datafield>
    <datafield tag="100" ind1="1" ind2=" ">
      <subfield code="a">Morrison, Toni,</subfield>
      <subfield code="d">1931-</subfield>
      <subfield code="1">http://viaf.org/viaf/109406177</subfield>
      <subfield code="4">aut</subfield>
    </datafield>
    <datafield tag="245" ind1="1" ind2="0">
      <subfield code="a">Beloved /</subfield>
      <subfield code="c">Toni Morrison</subfield>
    </datafield>
    <datafield tag="260" ind1=" " ind2=" ">
      <subfield code="a">London :</subfield>
      <subfield code="b">Vintage Books,</subfield>
      <subfield code="c">2005</subfield>
    </datafield>
    <datafield tag="300" ind1=" " ind2=" ">
      <subfield code="a">321 s.</subfield>
    </datafield>
    <datafield tag="336" ind1=" " ind2=" ">
      <subfield code="a">text</subfield>
      <subfield code="b">txt</subfield>
      <subfield code="0">http://rdaregistry.info/termList/RDAContentType/1020</subfield>
      <subfield code="2">rdacontent</subfield>
    </datafield>
    <datafield tag="337" ind1=" " ind2=" ">
      <subfield code="a">unmediated</subfield>
      <subfield code="b">n</subfield>
      <subfield code="0">http://rdaregistry.info/termList/RDAMediaType/1007</subfield>
      <subfield code="2">rdamedia</subfield>
    </datafield>
    <datafield tag="338" ind1="1" ind2="0">
      <subfield code="a">volume</subfield>
      <subfield code="b">nc</subfield>
      <subfield code="0">http://rdaregistry.info/termList/RDACarrierType/1049</subfield>
      <subfield code="2">rdacarrier</subfield>
    </datafield>
    <datafield tag="500" ind1=" " ind2=" ">
      <subfield code="a">Originalupplaga 1987</subfield>
    </datafield>
    <datafield tag="841" ind1=" " ind2=" ">
      <subfield code="5">Hdf</subfield>
      <subfield code="a">x  a</subfield>
      <subfield code="b">1205304u    8   1001uu   0901128</subfield>
      <subfield code="e">4</subfield>
    </datafield>
    <datafield tag="841" ind1=" " ind2=" ">
      <subfield code="5">Uh</subfield>
      <subfield code="a">x  a</subfield>
      <subfield code="b">1712144u    8   1001uu   0901128</subfield>
      <subfield code="e">4</subfield>
    </datafield>
    <datafield tag="852" ind1=" " ind2=" ">
      <subfield code="5">Hdf</subfield>
      <subfield code="b">Hdf</subfield>
      <subfield code="h">He</subfield>
      <subfield code="l">Morrison</subfield>
      <subfield code="i">Kursref</subfield>
    </datafield>
    <datafield tag="852" ind1=" " ind2=" ">
      <subfield code="5">Uh</subfield>
      <subfield code="b">Uh</subfield>
      <subfield code="h">Heq</subfield>
      <subfield code="l">[Morrison]</subfield>
    </datafield>
    <datafield tag="900" ind1="1" ind2="s">
      <subfield code="6">100</subfield>
      <subfield code="a">Morrison, Chloe Anthony,</subfield>
      <subfield code="d">1931-</subfield>
      <subfield code="u">Morrison, Toni,</subfield>
      <subfield code="d">1931-</subfield>
    </datafield>
  </record>