
  <record>
    <leader>00649nam a22002177a 4500</leader>
    <controlfield tag="001">13414997</controlfield>
    <controlfield tag="003">LIBRIS</controlfield>
    <controlfield tag="005">20120515090504.0</controlfield>
    <controlfield tag="008">120515s2012    nyu||||      |00| ||eng c</controlfield>
    <datafield tag="020" ind1=" " ind2=" ">
      <subfield code="a">978-0-307-39972-4</subfield>
    </datafield>
    <datafield tag="040" ind1=" " ind2=" ">
      <subfield code="a">Nob</subfield>
    </datafield>
    <datafield tag="082" ind1="0" ind2="4">
      <subfield code="a">813</subfield>
      <subfield code="2">22 (machine generated)</subfield>
    </datafield>
    <datafield tag="084" ind1=" " ind2=" ">
      <subfield code="a">Heq.01</subfield>
      <subfield code="2">kssb/8</subfield>
    </datafield>
    <datafield tag="100" ind1="1" ind2=" ">
      <subfield code="a">Morrison, Toni,</subfield>
      <subfield code="d">1931-</subfield>
      <subfield code="1">http://viaf.org/viaf/109406177</subfield>
      <subfield code="4">aut</subfield>
    </datafield>
    <datafield tag="245" ind1="1" ind2="0">
      <subfield code="a">Home :</subfield>
      <subfield code="b">[a novel] /</subfield>
      <subfield code="c">Toni Morrison</subfield>
    </datafield>
    <datafield tag="250" ind1=" " ind2=" ">
      <subfield code="a">1. ed.</subfield>
    </datafield>
    <datafield tag="260" ind1=" " ind2=" ">
      <subfield code="a">New York :</subfield>
      <subfield code="b">Alfred A. Knopf,</subfield>
      <subfield code="c">2012</subfield>
    </datafield>
    <datafield tag="300" ind1=" " ind2=" ">
      <subfield code="a">145 s.</subfield>
    </datafield>
    <datafield tag="336" ind1=" " ind2=" ">
      <subfield code="a">text</subfield>
      <subfield code="b">txt</subfield>
      <subfield code="0">http://rdaregistry.info/termList/RDAContentType/1020</subfield>
      <subfield code="2">rdacontent</subfield>
    </datafield>
    <datafield tag="337" ind1=" " ind2=" ">
      <subfield code="a">unmediated</subfield>
      <subfield code="b">n</subfield>
      <subfield code="0">http://rdaregistry.info/termList/RDAMediaType/1007</subfield>
      <subfield code="2">rdamedia</subfield>
    </datafield>
    <datafield tag="338" ind1="1" ind2="0">
      <subfield code="a">volume</subfield>
      <subfield code="b">nc</subfield>
      <subfield code="0">http://rdaregistry.info/termList/RDACarrierType/1049</subfield>
      <subfield code="2">rdacarrier</subfield>
    </datafield>
    <datafield tag="841" ind1=" " ind2=" ">
      <subfield code="5">Nob</subfield>
      <subfield code="a">x  a</subfield>
      <subfield code="b">1205154u    8   1001uu   0901128</subfield>
      <subfield code="e">4</subfield>
    </datafield>
    <datafield tag="852" ind1=" " ind2=" ">
      <subfield code="5">Nob</subfield>
      <subfield code="b">Nob</subfield>
      <subfield code="c">Vitt. Eng.</subfield>
    </datafield>
    <datafield tag="900" ind1="1" ind2="s">
      <subfield code="6">100</subfield>
      <subfield code="a">Morrison, Chloe Anthony,</subfield>
      <subfield code="d">1931-</subfield>
      <subfield code="u">Morrison, Toni,</subfield>
      <subfield code="d">1931-</subfield>
    </datafield>
  </record>