
  <record>
    <leader>01784cam a22004457a 4500</leader>
    <controlfield tag="001">12073578</controlfield>
    <controlfield tag="003">LIBRIS</controlfield>
    <controlfield tag="005">20181030230000.0</controlfield>
    <controlfield tag="008">110114r20071987xxk|||||||||||000 ||eng|c</controlfield>
    <datafield tag="015" ind1=" " ind2=" ">
      <subfield code="a">GBA765922</subfield>
    </datafield>
    <datafield tag="020" ind1=" " ind2=" ">
      <subfield code="a">9780099511656</subfield>
      <subfield code="q">pbk.</subfield>
      <subfield code="c">7.99</subfield>
    </datafield>
    <datafield tag="020" ind1=" " ind2=" ">
      <subfield code="a">0099511657</subfield>
      <subfield code="q">pbk.</subfield>
      <subfield code="c">7.99</subfield>
    </datafield>
    <datafield tag="035" ind1=" " ind2=" ">
      <subfield code="a">013823412</subfield>
    </datafield>
    <datafield tag="035" ind1=" " ind2=" ">
      <subfield code="5">O</subfield>
      <subfield code="a">DAW09636490</subfield>
    </datafield>
    <datafield tag="040" ind1=" " ind2=" ">
      <subfield code="a">Krh</subfield>
      <subfield code="e">a</subfield>
    </datafield>
    <datafield tag="041" ind1=" " ind2=" ">
      <subfield code="a">eng</subfield>
    </datafield>
    <datafield tag="082" ind1="0" ind2="4">
      <subfield code="a">813.54</subfield>
      <subfield code="2">22</subfield>
    </datafield>
    <datafield tag="084" ind1=" " ind2=" ">
      <subfield code="a">He.01</subfield>
      <subfield code="2">kssb/8</subfield>
    </datafield>
    <datafield tag="100" ind1="1" ind2=" ">
      <subfield code="a">Morrison, Toni,</subfield>
      <subfield code="d">1931-</subfield>
      <subfield code="1">http://viaf.org/viaf/109406177</subfield>
      <subfield code="4">aut</subfield>
    </datafield>
    <datafield tag="245" ind1="0" ind2="0">
      <subfield code="a">Beloved /</subfield>
      <subfield code="c">Toni Morrison.</subfield>
    </datafield>
    <datafield tag="264" ind1=" " ind2="1">
      <subfield code="a">London :</subfield>
      <subfield code="b">Vintage Classic,</subfield>
      <subfield code="c">2007</subfield>
    </datafield>
    <datafield tag="300" ind1=" " ind2=" ">
      <subfield code="a">321 s.</subfield>
      <subfield code="c">20 cm.</subfield>
    </datafield>
    <datafield tag="240" ind1="0" ind2="0">
      <subfield code="a">Beloved</subfield>
      <subfield code="1">http://viaf.org/viaf/179309327</subfield>
    </datafield>
    <datafield tag="340" ind1=" " ind2=" ">
      <subfield code="b">20 cm.</subfield>
    </datafield>
    <datafield tag="500" ind1=" " ind2=" ">
      <subfield code="a">Originally published: London: Chatto &amp; Windus, 1987</subfield>
    </datafield>
    <datafield tag="500" ind1=" " ind2=" ">
      <subfield code="a">Formerly CIP.</subfield>
    </datafield>
    <datafield tag="599" ind1=" " ind2=" ">
      <subfield code="a">Dawson</subfield>
    </datafield>
    <datafield tag="650" ind1=" " ind2="0">
      <subfield code="a">African Americans</subfield>
      <subfield code="x">Social conditions</subfield>
      <subfield code="v">Fiction.</subfield>
    </datafield>
    <datafield tag="650" ind1=" " ind2="0">
      <subfield code="a">Slavery</subfield>
      <subfield code="x">History</subfield>
      <subfield code="y">19th century</subfield>
      <subfield code="v">Fiction.</subfield>
    </datafield>
    <datafield tag="841" ind1=" " ind2=" ">
      <subfield code="5">Gbg</subfield>
      <subfield code="a">x  a</subfield>
      <subfield code="b">121016||0000|||||000||||||000000</subfield>
      <subfield code="e">1</subfield>
    </datafield>
    <datafield tag="841" ind1=" " ind2=" ">
      <subfield code="5">O</subfield>
      <subfield code="a">x  a</subfield>
      <subfield code="b">120531||0000|||||001||||||000000</subfield>
      <subfield code="e">1</subfield>
    </datafield>
    <datafield tag="841" ind1=" " ind2=" ">
      <subfield code="5">Vasb</subfield>
      <subfield code="a">x  a</subfield>
      <subfield code="b">180130||0000|||||000||||||000000</subfield>
      <subfield code="e">1</subfield>
    </datafield>
    <datafield tag="852" ind1=" " ind2=" ">
      <subfield code="5">Gbg</subfield>
      <subfield code="b">Gbg</subfield>
    </datafield>
    <datafield tag="852" ind1=" " ind2=" ">
      <subfield code="5">O</subfield>
      <subfield code="b">O</subfield>
      <subfield code="h">He</subfield>
      <subfield code="i">Morrison</subfield>
    </datafield>
    <datafield tag="852" ind1=" " ind2=" ">
      <subfield code="5">Vasb</subfield>
      <subfield code="b">Vasb</subfield>
      <subfield code="h">He</subfield>
    </datafield>
    <datafield tag="887" ind1=" " ind2=" ">
      <subfield code="a">{"@id":"8slm5rnl5844nr8","modified":"2018-10-30T23:00:00+01:00","checksum":"76257686101"}</subfield>
      <subfield code="2">librisxl</subfield>
    </datafield>
    <datafield tag="887" ind1=" " ind2=" ">
      <subfield code="5">Gbg</subfield>
      <subfield code="a">{"@id":"hmt8ds2n3zbvwgj","modified":"2012-10-16T11:15:38+02:00","checksum":"55455806750"}</subfield>
      <subfield code="2">librisxl</subfield>
    </datafield>
    <datafield tag="887" ind1=" " ind2=" ">
      <subfield code="5">O</subfield>
      <subfield code="a">{"@id":"pt1ftxrv0sq8hwv","modified":"2013-09-17T10:40:46+02:00","checksum":"43898015585"}</subfield>
      <subfield code="2">librisxl</subfield>
    </datafield>
    <datafield tag="887" ind1=" " ind2=" ">
      <subfield code="5">Vasb</subfield>
      <subfield code="a">{"@id":"rw4kxnbx2dl98df","modified":"2018-01-31T16:18:34+01:00","checksum":"44152930231"}</subfield>
      <subfield code="2">librisxl</subfield>
    </datafield>
    <datafield tag="900" ind1="1" ind2="s">
      <subfield code="6">100</subfield>
      <subfield code="a">Morrison, Chloe Anthony,</subfield>
      <subfield code="d">1931-</subfield>
      <subfield code="u">Morrison, Toni,</subfield>
      <subfield code="d">1931-</subfield>
    </datafield>
    <datafield tag="976" ind1="0" ind2=" ">
      <subfield code="a">He.01</subfield>
      <subfield code="b">Sknlitteratur: engelska: romaner och noveller</subfield>
    </datafield>
  </record>