
  <record>
    <leader>02469cim a22004697a 4500</leader>
    <controlfield tag="001">11869475</controlfield>
    <controlfield tag="003">LIBRIS</controlfield>
    <controlfield tag="005">20170503143431.0</controlfield>
    <controlfield tag="007">sd |||||||||||         </controlfield>
    <controlfield tag="008">100609s2007    xxknnnne|||||||f  n eng|c</controlfield>
    <datafield tag="024" ind1="7" ind2=" ">
      <subfield code="a">C86074</subfield>
      <subfield code="2">MTM medienummer</subfield>
    </datafield>
    <datafield tag="035" ind1=" " ind2=" ">
      <subfield code="a">(MTM)C86074</subfield>
    </datafield>
    <datafield tag="035" ind1=" " ind2=" ">
      <subfield code="5">Mtm</subfield>
      <subfield code="a">(MTM)C86074</subfield>
    </datafield>
    <datafield tag="040" ind1=" " ind2=" ">
      <subfield code="a">Mtm</subfield>
      <subfield code="e">a</subfield>
    </datafield>
    <datafield tag="041" ind1="0" ind2=" ">
      <subfield code="a">eng</subfield>
    </datafield>
    <datafield tag="042" ind1=" " ind2=" ">
      <subfield code="9">Mtm</subfield>
    </datafield>
    <datafield tag="046" ind1=" " ind2=" ">
      <subfield code="a">m</subfield>
      <subfield code="m">20000101</subfield>
      <subfield code="n">20000301</subfield>
    </datafield>
    <datafield tag="082" ind1="0" ind2="4">
      <subfield code="a">823</subfield>
      <subfield code="2">22 (machine generated)</subfield>
    </datafield>
    <datafield tag="084" ind1=" " ind2=" ">
      <subfield code="a">He.01/TC</subfield>
      <subfield code="2">kssb/8</subfield>
    </datafield>
    <datafield tag="100" ind1="1" ind2=" ">
      <subfield code="a">Morrison, Toni</subfield>
      <subfield code="1">http://viaf.org/viaf/109406177</subfield>
      <subfield code="4">aut</subfield>
    </datafield>
    <datafield tag="240" ind1="0" ind2="0">
      <subfield code="a">Beloved</subfield>
      <subfield code="1">http://viaf.org/viaf/179309327</subfield>
    </datafield>
    <datafield tag="245" ind1="1" ind2="0">
      <subfield code="a">Beloved</subfield>
      <subfield code="h">[Ljudupptagning]</subfield>
      <subfield code="b">a novel /</subfield>
      <subfield code="c">Toni Morrison.</subfield>
    </datafield>
    <datafield tag="264" ind1=" " ind2="1">
      <subfield code="a">Peterborough :</subfield>
      <subfield code="b">Royal National Institute for the Blind,</subfield>
      <subfield code="c">2007</subfield>
    </datafield>
    <datafield tag="300" ind1=" " ind2=" ">
      <subfield code="a">1 CD-R (10 tim., 36 min.)</subfield>
      <subfield code="b">mono</subfield>
    </datafield>
    <datafield tag="336" ind1=" " ind2=" ">
      <subfield code="a">spoken word</subfield>
      <subfield code="b">spw</subfield>
      <subfield code="1">http://rdaregistry.info/termList/RDAContentType/1013</subfield>
      <subfield code="2">rdacontent</subfield>
    </datafield>
    <datafield tag="337" ind1=" " ind2=" ">
      <subfield code="a">audio</subfield>
      <subfield code="b">s</subfield>
      <subfield code="1">http://rdaregistry.info/termList/RDAMediaType/1001</subfield>
      <subfield code="2">rdamedia</subfield>
    </datafield>
    <datafield tag="338" ind1="1" ind2="0">
      <subfield code="a">audio disc</subfield>
      <subfield code="b">sd</subfield>
      <subfield code="1">http://rdaregistry.info/termList/RDACarrierType/1004</subfield>
      <subfield code="2">rdacarrier</subfield>
    </datafield>
    <datafield tag="500" ind1=" " ind2=" ">
      <subfield code="a">Digital talbok (DAISY 2.02), ljud</subfield>
    </datafield>
  </record>
</collection>
